2266 3802
65 661 74 700 ·.
119 641 185 720 uu
216 581 507 728 calculanti
532 581 1067 742 visanuuoorn'lnl.

526 801 662 816 Μ

117 965 230 1084 Rem
248 1020 475 1088 admirabilem
484 1067 500 1098 ,,
517 1013 667 1104 quaeque
684 1041 751 1082 uon
769 1021 865 1084 facile
881 1021 951 1084 aliis
967 1023 1068 1108 scrip·

115 1120 244 1182 toribus
258 1123 451 1206 contigerit,
472 1121 672 1203 Epicharmo
685 1131 802 1203 poetae
816 1123 992 1207 contigisse
1008 1147 1064 1185 av.

114 1217 292 1296 Διονύσιος
304 1221 474 1284 enarravit
485 1221 609 1282 Suidas.
642 1223 670 1280 ls
687 1223 774 1282 enim
792 1223 991 1306 Dionysium
1010 1224 1064 1286 rni-

115 1342 249 1399 norem,
262 1322 495 1407 Syracusarum
504 1329 681 1405 tyrannum
692 1319 843 1403 epistolas
857 1321 896 1384 de
905 1323 1063 1405 Epichar-

53 1496 56 1500 .
115 1421 162 1482 mi
182 1419 342 1504 poematis
363 1419 595 1511 conscripsisse
609 1419 719 1512 tradit.
753 1419 834 1498 Sed,
859 1422 949 1504 quod
967 1423 1062 1508 regali

116 1521 178 1581 isto
197 1520 306 1581 studio
324 1529 358 1582 et
371 1519 443 1580 aliis
462 1517 658 1602 quibusdam
676 1518 805 1580 indiciis
823 1521 905 1581 moti
924 1525 1062 1606 suspica·

114 1631 205 1698 mur3
228 1620 330 1682 multa
346 1620 482 1703 insuper
495 1641 513 1680 a
527 1601 637 1682 multis
650 1605 694 1680 de¹
707 1629 804 1702 poeta
822 1620 879 1680 illo
893 1631 1060 1709 tantopere

115 1719 283 1780 celebrato
306 1719 394 1801 apud
417 1726 543 1780 veteres
567 1725 719 1780 enarrata
735 1719 1058 1786 circumferebantur.

82 1889 85 1894 ¹
114 1820 244 1898 Quibus
266 1807 478 1884 ararumerari
500 1816 623 1880 debent
645 1839 712 1879 non
735 1823 861 1880 tantuin
883 1819 1003 1882 Alcimi
1018 1822 1058 1880 Si-

115 1918 212 1982 cilico
227 1919 363 2003 eiusque
377 1918 417 1982 de
432 1918 642 2002 philosophia
652 1919 870 2001 Epicharmos
892 1919 933 1980 ad
944 1921 1058 2004 Amyn-

114 2030 183 2084 tam
208 2021 287 2083 libri
314 2059 355 2100 -ε
379 2020 445 2081 vid.
468 2011 585 2083 Athen.
607 2019 664 2081 lib.
687 2019 753 2088 Vll,
775 2044 808 2106 p.
824 2023 900 2084 322.
922 2046 950 2082 a.
973 2025 1057 2107 Diog.

114 2123 222 2185 Laert.
263 2119 319 2186 lib.
348 2119 398 2180 Ill.
430 2141 480 2204 9⁰·
511 2153 553 2171 -
581 2127 617 2180 et
643 2120 797 2182 Neanthis
824 2119 956 2182 libellus
997 2121 1058 2205 περὶ

114 2206 247 2293 ἐνδόξων
267 2213 411 2302 ἀνδρῶν,
433 2217 487 2280 cui
508 2218 671 2279 nonnulla
693 2218 733 2280 de
747 2218 947 2302 Epicharmo
967 2221 1056 2282 fuisse

115 2323 237 2384 inserta
259 2343 281 2380 s.
304 2344 334 2382 v.
365 2317 499 2404 Κράςος
527 2318 710 2403 Stephanus
731 2317 924 2402 Byzantinus
947 2323 1058 2384 affatim

116 2417 325 2504 significavit:
348 2441 465 2480 vorum
485 2419 584 2492 etiam
605 2417 708 2478 multo
727 2418 825 2500 magis
840 2417 905 2480 hnc
918 2423 1058 2502 pertinet

114 2517 347 2606 Apollodorus¹
370 2519 443 2596 ille,
472 2517 587 2580 doctus
609 2517 859 2580 Atheniensium
881 2523 1057 2603 grammati-

114 2641 190 2698 cus,
214 2643 232 2680 a
252 2639 319 2702 quo
338 2617 516 2700 singulares
534 2616 695 2700 quaedam
710 2617 750 2678 de
762 2615 963 2700 Epicharmo
978 2642 1057 2682 con-

115 2719 334 2782 mentationes
358 2724 453 2805 erant
472 2701 700 2778 concinnatae.
733 2715 769 2776 ld
788 2737 805 2777 e
823 2715 941 2777 Suitl'ae
959 2719 1056 2782 verbis

116 2841 140 2880 s.
162 2837 191 2878 v.
223 2809 430 2901 καρδιώττειν
452 2814 588 2876 omnino
611 2814 795 2876 conficitur.
834 2805 1055 2902 Ἀπολλόδωρος

38 2991 39 2996 ¹
113 2917 150 2980 ἐν
171 2917 248 3002 ἕκτῳ
270 2913 344 2999 περὶ
361 2907 582 2997 Ἐπιχάρμου,
612 2912 688 2988 τούς
708 2909 903 2989 Σικελιώτας
930 2920 1015 3000 φησί
1030 2915 1053 2978 ri

116 3019 170 3081 τὸν
183 3013 267 3098 ςόμα
269 3037 329 3099 χον
344 3009 555 3076 insinuarint
565 3008 627 3076 ὖπό
641 3011 735 3094 triton
749 3011 1054 3102 raphanorum.

120 3121 302 3196 Quamnam
316 3124 426 3180 autem
441 3116 606 3178 rationem
623 3116 681 3176 ille
701 3115 733 3174 in
748 3117 990 3178 commentariis
1004 3117 1051 3178 suis

120 3217 369 3286 conscribendis
391 3217 493 3278 luerit
514 3225 659 3290 secutus,
682 3207 836 3300 cognosci
856 3217 983 3298 poterit
999 3228 1052 3278 turn

116 3340 158 3380 cx
186 3316 264 3401 ipsis
294 3314 357 3375 illis
379 3315 498 3377 Suidae
520 3315 644 3392 verbis,
675 3323 746 3387 tum
768 3335 786 3376 e
808 3299 884 3376 loco
907 3316 1067 3399 quodam

116 3415 179 3504 qui
205 3411 294 3501 apud
315 3411 520 3481 Athenaeum
541 3414 598 3479 lib.
621 3414 706 3480 XIV.
732 3435 765 3500 p.
787 3412 857 3496 648.
880 3412 916 3496 ὀ»Ι
942 3413 1052 3502 reperi-
