2210 3792
155 69 157 77 '
246 138 248 147 ι
354 67 520 154 ᾞιιιι

10 265 69 334 hoc
89 273 226 334 maxime
256 292 333 336 cun
323 274 429 334 ilium
456 249 611 356 sequutus
641 289 708 336 esse
739 246 891 351 videtury
919 284 955 336 ιιι
984 315 987 322 -

12 373 182 434 sententias
206 374 393 474 Epicharmi
419 374 662 456 philosophicas
686 355 954 457 quamplurimas

11 473 136 534 fabulae
158 473 224 534 isti
235 475 369 536 insertas
376 464 433 533 ad
455 483 628 534 centonem
644 473 956 572 quendumconoin

13 585 107 634 naret.
155 574 289 656 Optime
313 583 420 634 autem
443 565 678 646 sententiarum
702 574 758 634 illa
780 575 954 636 multitudo

14 673 190 754 quadrabat
221 673 261 734 od
295 673 422 733 fabulae
452 675 602 748 titulum,
642 695 707 755 quo
737 675 881 734 actiones
914 674 956 736 ad

15 774 249 854 rempublicam
271 775 402 855 eiusque
423 773 735 845 administrationem
754 775 956 854 pertinentes

14 869 93 932 haud
117 869 264 932 dubie
242 894 285 955 sig
269 873 481 934 unificamur.
517 873 558 930 Αι
589 871 615 929 si
648 871 728 952 quis
739 873 957 974 quaesiverit,
1004 863 1006 870 Α

15 969 91 1031 unde
110 971 194 1030 hacc
218 973 324 1032 omnia
346 970 384 1030 de
399 969 528 1030 fabula
521 978 578 1028 ista
591 970 789 1082 complorata
805 959 956 1031 haheams

16 1067 35 1126 is
56 1071 184 1130 tabulae
212 1071 398 1156 specimina
420 1069 546 1150 aliquot
577 1069 755 1130 etiamnum
789 1089 958 1162 superesse

18 1171 93 1228 sciat.
137 1169 299 1229 Nimirum
331 1169 408 1228 hina
443 1169 518 1250 eius¹
545 1167 740 1250 fragmenta,
772 1187 808 1226 ex
840 1155 958 1231 intimis

16 1267 241 1352 philosophiae
264 1267 365 1350 adytis
390 1267 534 1326 desumto
556 1268 762 1348 consecravit
783 1275 815 1326 et
832 1265 960 1332 disertis,

17 1369 118 1428 verbis
142 1367 332 1429 comoediae
357 1365 432 1426 huic
454 1367 684 1447 suppositieiae
706 1367 864 1427 *attribuit
885 1366 960 1427 Cle-

18 1483 101 1526 mens
123 1463 213 1528 Alex.
236 1455 346 1526 strom.
364 1464 402 1526 V.
426 1465 538 1548 pass.
581 1464 666 1542 Sed,
691 1465 723 1523 ni
745 1466 960 1526 vehementer
1056 1458 1059 1465 ’

19 1581 109 1640 erro,
135 1575 169 1625 et
190 1564 252 1623 ulia
275 1563 434 1644 quaedum
461 1585 498 1622 ex
529 1563 643 1624 eadem
674 1563 782 1624 fabula
803 1563 959 1636 *Clemens

20 1661 207 1738 desumserit
229 1669 359 1726 necesse
383 1674 438 1732 est.
463 1655 466 1664 ¹
487 1663 616 1726 Etenim
646 1665 849 1742 sententiae,
880 1663 960 1747 quas

20 1760 69 1820 ille
92 1764 202 1824 attulit
224 1771 334 1822 strom.
348 1762 387 1826 V.
399 1783 430 1843 p.
444 1759 529 1838 255„
554 1761 605 1821 lV.
615 1785 646 1843 p,
658 1784 691 1822 21
703 1787 744 1838 ι.,
759 1761 959 1846 ·1V.p.232.‚

19 1847 411 1944 t⁷11.p.303.„itasuns
439 1859 662 1942 comparatae,
692 1871 729 1922 ut
760 1887 776 1924 a
808 1883 960 1924 sermone

12 1957 226 2038 ¹Epicharmio
250 1981 383 2042 prorsus
405 1960 531 2020 alienae
564 1959 746 2022 videantur.
790 1963 881 2022 Licet
901 1962 962 2042 igi-

20 2064 68 2118 lur
89 2059 292 2133 comoedias,
323 2058 364 2118 ad
394 2079 470 2140 quas
492 2059 568 2119 illae
590 2059 819 2142 pertinerent,
853 2063 962 2122 nomi-

22 2160 115 2233 natim
138 2161 289 2221 Clemens
312 2179 379 2218 non
403 2158 541 2218 dixerit:
571 2167 711 2219 attamen
743 2181 760 2218 e
789 2161 962 2222 comoedia

20 2255 69 2316 illa
92 2258 296 2343 Chrysogoni
325 2259 481 2340 repetitas
515 2277 582 2318 csse
616 2261 750 2320 omnino
781 2261 861 2320 mihi
883 2281 962 2344 peis

21 2378 143 2420 suasum
167 2348 282 2418 habeo.

75 2458 189 2540 Neque
213 2455 424 2528 dubitandum
443 2462 507 2532 est,
530 2457 607 2536 quin
631 2456 748 2517 fabulis
766 2479 833 2520 non
850 2459 964 2541 genui«

21 2555 62 2613 uis
89 2558 276 2618 Athenaeus
298 2555 318 2614 l.
343 2555 362 2615 l.
393 2553 657 2616 aslnumeraverit
688 2557 824 2618 alteram
855 2559 962 2634 illam,

23 2673 114 2732 quam
135 2681 153 2717 a
176 2655 318 2716 Chirone
341 2655 582 2716 denominatam
610 2677 676 2718 esse
701 2658 789 2718 dixit.
829 2659 968 2736 Etenim

22 2753 201 2817 Athenaeus
231 2756 305 2817 loco
335 2753 392 2826 illo
421 2755 485 2815 hoc
508 2755 649 2832 edpcere
672 2766 828 2834 cursatur,
861 2751 964 2840 scrip-

22 2856 224 2931 tores-istos,
248 2854 432 2936 quifahulis
455 2854 518 2927 suis
528 2855 716 2938 Epicharmi
738 2877 858 2916 nomen
882 2857 963 2918 salso

22 2954 300 3034 praeposuissent,
323 2952 363 3012 ad
384 2951 535 3012 iraeadem
557 2953 783 3016 occultandam
805 2955 965 3018 vocabula

13 3045 225 3130 'Epicharmia
255 3051 432 3134 aliquando
469 3071 648 3134 usurpasse.
700 3053 797 3114 Cuius
829 3055 969 3138 quidem

24 3151 76 3208 reis
99 3155 282 3234 exemplum
298 3153 417 3212 -attulit
441 3153 637 3215 vocabulum
664 3147 796 3237 ἡμίναν,
818 3157 907 3239 quod
928 3158 962 3220 in
1032 3217 1034 3222 ,

23 3246 128 3310 tabula
150 3251 300 3321 Chironis
318 3250 456 3340 nomine
479 3250 635 3334 iuscripta
658 3255 841 3336 reperisset.
871 3255 965 3326 Licet

23 3343 116 3426 igitur
143 3351 206 3412 hoc
236 3351 369 3434 quidem
399 3340 472 3412 lo'co
496 3351 623 3412 fabulae
653 3363 821 3435 auctorem
843 3351 966 3418 diserte
1014 3363 1016 3369 ’
1093 3391 1094 3402 ¹

25 3461 89 3510 uon
111 3448 322 3526 iudicaverit,
345 3471 421 3514 eum
435 3450 784 3536 tamenEpicharmum
806 3475 872 3518 non
894 3475 966 3526 esse
