2210 3792
99 249 103 264 '
169 256 198 318 9.
240 219 396 312 Κύκλωψ.
438 231 485 294 De
516 234 657 318 Cyclope
688 253 788 316 quarn
810 231 913 296 Siculi
942 234 1057 324 multas
1094 263 1095 284 ι

107 340 204 416 atque
218 334 319 392 varias
332 332 491 392 haherent
503 331 778 392 narratiunculas:
795 337 864 392 tum
886 331 926 392 de
945 353 1056 391 amore

106 433 176 494 eius
199 433 233 491 in
257 431 423 492 Galateam
445 430 578 495 historia
600 435 687 513 apud
710 431 782 490 illos
806 432 901 490 luisse
925 430 1056 491 videtur

104 531 331 616 vulgatissima.
376 532 474 591 Cuius
497 532 628 614 quidem
650 531 699 592 rei
722 531 928 591 luculentum
951 553 1056 593 exem-

104 621 196 714 plum
217 625 673 712 hahesTheocritiidyll.Xl.
717 629 782 690 Sed
804 637 837 690 et
858 630 1055 691 anteThea-
1094 711 1095 714 Ἴ

105 732 225 792 critum
257 751 383 790 amores
417 731 492 790 istos
523 729 715 813 Polyphemi
746 721 930 790 carminuni
959 751 1053 814 argu-

107 821 217 892 menta
234 825 396 890 'fecerant
433 836 550 910 poetae
582 827 695 888 Siculi.
745 829 849 906 Quale
880 838 929 888 est
963 828 1053 909 quod
1094 893 1095 896 ς

84 941 90 969 s
102 928 301 992 Philoxenus
324 927 370 988 dit
358 927 614 1009 thyramharum
621 935 718 1008 poeta
730 947 889 1026 perquam
901 927 1052 1008 antiquus

19 1045 21 1054 ’
104 1029 248 1090 fabulam
279 1003 443 1101 ediderat,
484 1049 547 1110 qua
581 1027 752 1110 Cyclops
749 1012 915 1086 Galateam
942 1048 1050 1086 amans

50 1175 52 1180 -
103 1128 285 1193 ridebatur.
330 1129 376 1186 lta
399 1126 487 1188 enim
516 1125 687 1188 scholiasta
714 1125 752 1186 ad
775 1125 942 1210 Aristoph.
967 1125 1051 1186 Plut.

103 1251 132 1290 v.
156 1249 224 1311 290.
269 1219 434 1299 Φιλόξενος
461 1217 536 1286 δὲ“
520 1249 536 1286 o
560 1223 883 1308 διθυραμβοποιός
868 1246 901 1285 εν
921 1222 1052 1309 Σικελίᾳ
1094 1251 1095 1260 ’

102 1318 250 1412 ἦνπαρὰ
271 1325 453 1406 Δωριεῦσι.
476 1319 599 1408 φεύγων
621 1323 655 1385 δὲ
675 1324 800 1386 ἐκεῖθεν
820 1315 919 1405 ἦλθεν
947 1324 994 1398 εἷς
1014 1325 1050 1385 τᾶ
1094 1343 1095 1382 l

102 1427 185 1511 μέρη
206 1421 390 1508 Κυθήρων.
411 1424 470 1492 ,καί
489 1447 555 1486 eret
545 1423 683 1506 δρᾶμα
695 1425 725 1486 Γ
724 1420 904 1486 aleretur
888 1420 1050 1504 εποίησεν,
1093 1405 1095 1514 l

104 1527 138 1589 ἐν
158 1526 183 1611 ὦ
206 1519 358 1608 ειςὴνεγκε
383 1526 437 1584 τὸν
458 1517 657 1584 Κυκλωαα
642 1521 760 1604 εοῶντα
785 1522 842 1603 τῆς
863 1519 1048 1594 Γαλατείας
1094 1529 1095 1612 l

24 1623 25 1632 ¹
103 1629 255 1716 Quocum
277 1625 410 1698 omnino
426 1623 578 1704 congruit
589 1619 757 1682 scholiasta
769 1621 939 1682 Theocriti
958 1621 1046 1704 idyll.

45 1797 47 1804 Α
101 1728 155 1788 xl
167 1731 232 1787 v.i
255 1746 310 1784 και
306 1714 821 1796 ΦιλόξενοςπαιιῑτόνΚῦκλωαα
833 1715 1049 1822 παραμαθααλ-

101 1845 195 1906 μενον
225 1819 336 1885 ἑαυτὸν
363 1820 416 1882 e'ni
445 1820 498 1906 τῷΙ
520 1820 577 1900 τῆς
604 1819 635 1882 Γ
633 1815 819 1892 alarum
805 1817 898 1900 ἔρωτι
924 1841 953 1878 κ.
973 1841 1002 1880 τ.
1022 1821 1048 1878 λ.

101 1926 150 1986 Cf.
182 1921 357 1985 Vallenau
391 1919 615 1988 adytdoniaz.
650 1941 682 2000 p.
708 1917 778 1994 [poli.
811 1916 973 1982 Eichstad.
1008 1915 1047 1977 de
1092 1941 1094 1970 l

101 2025 203 2085 dram.
231 2023 416 2084 comicosat.
437 2021 477 2101 ¹p.
498 2019 548 2080 65.
591 2016 727 2078 Accedit
748 2007 895 2099 quatiet
915 2005 1049 2088 aliico·
1092 2021 1094 2112 l

100 2123 260 2185 moediae
280 2121 458 2202 scriptores
488 2117 680 2201 Polyphemi
709 2135 833 2176 amores
863 2116 1047 2179 fabularum

74 2297 77 2302 .
101 2221 292 2306 argumente
312 2217 469 2278 fecerant.
492 2216 539 2274 Cf.
562 2213 733 2275 Valkenar.
758 2213 776 2272 l.
800 2213 819 2272 l.
858 2215 951 2291 Quae
974 2235 1047 2274 cum

99 2323 142 2383 ita
174 2321 256 2398 sint,
287 2338 408 2420 saepe
416 2314 577 2392 dubitavi,
611 2323 722 2374 atrurn
753 2322 786 2372 et
813 2313 1046 2395 Epicharmum

99 2421 254 2500 eandem,
289 2441 386 2501 quam
406 2395 479 2478 illos
503 2407 669 2476 historiam
690 2421 904 2495 pertractasse
926 2421 1047 2474 statne-

97 2545 185 2599 rem,
209 2533 247 2582 an
273 2520 330 2604 qui
353 2517 550 2578 notissimam
569 2516 658 2574 illam
680 2513 819 2584 Homeri,
826 2511 876 2573 de
904 2513 1047 2598 Cyclope

99 2621 323 2684 narrationem
353 2615 415 2677 hac
438 2615 548 2676 fabula
568 2613 750 2674 traductam
772 2611 869 2672 fuisse
892 2623 1046 2689 censent,

98 2741 213 2784 eorum
234 2715 396 2780 sententia
418 2715 516 2797 magis
539 2713 576 2773 ad
600 2732 714 2772 verum
736 2703 918 2793 accederet.
964 2713 1048 2790 Qui-

94 2821 232 2884 buscum
261 2827 297 2878 ut
327 2815 456 2890 faciam,
489 2813 692 2894 aliquantum
721 2833 771 2872 me
795 2819 930 2872 movent
958 2812 1046 2888 duo,
1092 2835 1093 2858 ι

96 2939 179 3002 quae
207 2923 399 2999 supersunt,
439 2911 532 2972 huius
546 2911 687 2972 -fabnlae
718 2911 909 2993 fragmenta.
956 2911 1048 2972 Alte·
1090 2907 1093 2998 l

96 3039 170 3080 rum
188 3016 293 3092 enim,
317 3011 407 3097 quod
429 3012 584 3094 reperies
598 3009 685 3092 apud
695 3010 898 3070 Athenaeum
920 3007 978 3069 lib.
993 3011 1044 3104 lX.
1092 2987 1093 3074 l

93 3137 125 3199 p
148 3115 217 3180 366.
238 3113 270 3174 b
292 3111 357 3174 hoc
379 3117 446 3171 est.
478 3109 535 3171 και
551 3106 792 3190 Ἐπίχαρμος
777 3127 810 3168 er
829 3102 1006 3170 Kristenos.

157 3209 313 3296 Χορδαί
304 3217 337 3273 τέ
359 3205 419 3272 ἁδύ
439 3207 496 3270 vul
515 3232 563 3288 μα
585 3199 652 3270 Δία
674 3227 724 3289 χαι
746 3197 870 3286 notua.

94 3311 194 3376 Vides
226 3311 281 3371 hic
299 3289 449 3392 aliquem
483 3307 655 3368 sarcimine
687 3313 720 3366 et
742 3289 917 3386 mennam,
935 3325 1045 3387 neque

96 3433 177 3475 vero
208 3409 359 3510 Galateae
388 3407 626 3483 formositatem
655 3404 856 3492 praedicare.
898 3403 1048 3468 Alterum
