2210 3792
557 81 628 154 ιιι
692 113 695 118 -

516 179 658 194 *uu-

111 277 147 355 p.
169 269 219 336 65.
243 279 327 355 etp.
355 279 419 340 ¹⁰8·
441 273 543 336 Wolf.
565 292 645 334 mus.
669 276 767 359 antiq
791 275 873 337 stud.
898 297 927 360 p.
920 276 1056 339 .355.6.

10 429 11 432 ,
56 433 59 448 ⁸
109 385 146 456 ¹p
160 371 278 432 3561)
301 371 458 454 p366..b
499 373 612 454 Neque
636 373 738 436 etiarn
753 375 824 436 vitu
848 376 950 452 illius,
974 377 1057 458 quod

109 469 249 532 'maxime
283 471 317 531 iu
344 469 530 532 horninibus
563 470 693 532 rusticis
715 473 1001 554 deprehenditur,
1028 484 1060 534 ut

114 545 274 631 vocabula
296 589 365 628 non
386 567 502 652 plena,
525 569 581 631 sed
603 572 750 634 mutilata
772 583 805 634 et
828 577 918 656 qnasi
943 575 1058 635 decur-

113 677 178 732 tata
201 669 416 751 eloquantur,
440 671 571 754 vestigia
594 671 627 732 in
649 671 872 754 Epicharmeis
895 675 1057 736 vocabulis
1096 727 1097 732 ,

115 769 242 830 desunt.
284 768 465 830 Lucirlenta
487 775 594 830 aute'm
617 771 709 832 huius
733 773 781 832 rei
804 773 951 854 exempla
963 774 1057 834 hahes

114 867 203 950 apud
235 865 368 928 Suidam
390 889 412 928 s.
436 891 463 927 ι.
497 860 592 951 ἄλφι.
626 878 660 929 et
680 870 878 932 Strabonem
899 872 959 932 lih.
981 872 1056 932 Vlll.

66 953 70 962 '
113 987 146 1049 p.
169 959 237 1044 364.
271 965 320 1026 ea.
351 955 472 1027 Atinati
504 967 551 1026 cs.
582 967 717 1030 Becker.
745 970 863 1030 aneon
884 971 905 1029 1.
939 991 970 1050 p.
990 973 1056 1047 su.
1091 1013 1095 1026 .

112 1068 241 1151 Quibus
265 1062 396 1150 quidem
417 1067 514 1128 rebus
539 1053 656 1128 lactum
678 1088 745 1128 esse
769 1066 910 1152 opinor,
933 1079 970 1128 nt
993 1091 1056 1130 ser-

110 1188 166 1228 mo
193 1168 260 1228 eius
290 1167 409 1249 pingue
440 1167 596 1250 quiddam
624 1176 657 1228 et
685 1171 896 1251 peregrinum
925 1170 1056 1230 auribus

113 1270 317 1329 Graecorum
339 1278 479 1329 sonaret.
523 1268 588 1328 Sed
610 1267 650 1329 de
672 1267 760 1330 hisce
789 1270 939 1330 omnibus
961 1269 1053 1351 plura
1096 1297 1097 1354 3

114 1367 388 1438 dissererenolo.
431 1369 509 1428 Nam
529 1367 616 1430 inter
637 1369 817 1454 fragmenta
839 1370 944 1430 altero
967 1372 1057 1430 vnlu-
1096 1359 1097 1438 l

13 1507 20 1528 .
55 1515 63 1526 .
113 1470 202 1529 mine
234 1468 452 1550 proponenda
485 1467 556 1528 satis
588 1477 636 1528 est
664 1470 908 1552 exemplorum,
942 1471 1055 1553 quihus

111 1569 211 1659 modo
235 1569 321 1630 dicta
343 1569 532 1632 confirmari
556 1576 692 1650 queant

172 1669 296 1730 Verum
328 1669 463 1730 omnino
495 1667 583 1728 aliud
612 1676 660 1727 est
692 1667 724 1734 id
752 1690 852 1754 genus
881 1670 1054 1730 vocabulo·

112 1756 206 1846 runi,
236 1787 320 1849 quae
341 1766 557 1880 Epicharmus
577 1788 594 1827 a
617 1767 698 1826 iusta
720 1769 984 1830 conformatione
1008 1768 1052 1828 vel

18 1921 21 1930 ,
111 1865 379 1952 significatione
370 1867 433 1928 soei
456 1877 548 1928 causa
570 1865 748 1928 declinasse
771 1867 913 1933 videtur.
954 1868 1053 1944 Quale
1095 1929 1096 1934 χ

85 1977 174 2045 est,
197 1965 287 2048 quod
309 1972 345 2036 ut
367 1951 634 2027 muliercularum
656 1965 791 2026 fortasse
812 1966 1053 2050 Syracusiarum
1095 1955 1096 1978 ³

111 2067 258 2129 vitiosam
277 2064 501 2124 elocutionem
531 2059 726 2142 imitanetur,
757 2065 992 2126 vocabuloram
1021 2066 1055 2123 li-

110 2174 195 2226 teras
217 2150 460 2245 transponeret.
503 2164 548 2222 Ila
569 2163 656 2244 enim
676 2163 1053 2247 auctprEtymol.magn.

106 2268 133 2336 χΙ.
151 2288 183 2348 p.
199 2285 264 2348 ¹97·
289 2263 308 2322 l.
322 2261 371 2341 54.
402 2257 548 2346 Σώφρων
569 2263 626 2322 καί
642 2254 895 2346 Ἐπύζαρμοςιό
915 2261 1053 2344 βαπτίζω

110 2359 252 2446 βιιιτάζω
281 2362 434 2444 λέγουσιν.
465 2363 512 2423 cf.
543 2361 717 2422 Vallienan
749 2362 791 2422 ad
824 2361 930 2425 Adon.
963 2383 1044 2446 ps
1031 2405 1052 2446 A.

21 2541 23 2544 Ι
110 2464 261 2547 Neque
253 2485 361 2524 iocosa
393 2483 460 2523 non
494 2469 542 2522 est
572 2483 727 2544 perversa
758 2461 813 2532 illa
844 2465 1051 2561 comparativi

110 2555 277 2645 adtirspog
298 2557 534 2637 conformatio,
568 2559 658 2622 cuius
681 2559 863 2641 exemplum
884 2563 1055 2623 asservavit

109 2663 263 2746 Apollon.
294 2661 382 2722 Alex
405 2659 445 2742 de
468 2679 634 2740 pr..onom
644 2680 666 2719 s.
689 2681 717 2722 v.
750 2651 931 2733 αι’ἷταυτος·
953 2655 997 2734 ὡς
1026 2659 1054 2724 ἓν

27 2824 29 2830 ,
105 2755 251 2826 ’selmon
277 2739 493 2840 ‘Entyappoy
524 2750 705 2843 Αυτρτιρος
737 2750 850 2822 altas.
882 2758 930 2818 Cf.
951 2759 1053 2822 Wolf.

109 2881 188 2922 mus.
218 2866 283 2920 ant.
306 2855 388 2918 stud.
421 2877 452 2939 p.
476 2857 544 2933 346.
566 2857 601 2916 Β.
644 2855 715 2915 Huc
745 2877 877 2938 quoque
909 2857 1054 2942 pertinet

108 2956 303 3022 vocabulum
327 2949 485 3038 Φρύγιον,
515 2953 620 3036 quod,
654 2975 727 3016 oum
750 2951 916 3036 duplicem
936 2955 1053 3016 haheat

109 3058 396 3143 significationem,
427 3054 469 3115 66
500 3054 645 3115 ioculnm
668 3055 872 3130 movendum
904 3055 945 3116 ab
978 3056 1053 3138 Epi-

88 3157 241 3221 'charmo
264 3156 298 3214 in
321 3152 491 3214 comoedia
502 3155 679 3232 Κωμαςαῖς
707 3161 979 3234 usurpatamesse
1002 3174 1052 3214 re-

108 3257 175 3318 fert
206 3251 383 3336 Hesychius
411 3273 434 3313 s.
457 3274 485 3313 v.
526 3247 666 3334 Φρύγιον
699 3245 856 3333 ἱςὸρησον.
897 3240 1051 3312 Nimirum

108 3339 309 3418 vocabulum
328 3349 424 3432 illud,
449 3373 549 3433 quum
569 3358 653 3412 teste
673 3348 837 3434 Hesychio
860 3349 881 3410 l.
904 3351 927 3416 l.
959 3344 1051 3434 ξηρόν

109 3447 201 3528 ’ξύλον
230 3449 417 3535 significet„
439 3451 526 3512 idem
548 3470 626 3512 vero
650 3448 690 3514 de
712 3457 799 3523 ueste
818 3447 962 3534 ,quadam
984 3471 1052 3512 rnu-
