2210 3798
504 111 649 226 ..Q

94 305 186 382 pates
215 297 466 382 perstrinxerit,
499 300 661 362 anoliam
689 307 881 384 argumenta
908 301 1046 386 tragica,

95 399 205 482 qualia
227 398 402 484 Aeschylus
423 407 698 482 pertractaverat,
721 399 761 460 ad
785 403 927 462 rationes
949 404 1046 462 conri-

96 518 149 562 eas
180 499 381 576 traduxerit,
415 519 503 560 nune
536 493 872 582 esse'inquirendum
907 501 1045 562 videtu'r.

95 601 203 682 Atque
225 599 394 683 parodiam
406 599 657 682 Epicharmeam
679 601 719 661 ad
741 609 842 660 totam
864 601 1046 668 fabularum

92 698 348 782 Aeschylearum
365 698 658 780 pertractationem
676 699 873 781 pertinuisse
889 721 965 760 cum
981 700 1044 771 alii,

92 805 163 858 tum
188 795 353 857 Buttlerus
384 795 425 858 ad
445 796 561 861 Aesch.
582 798 691 858 Prom.
721 807 887 881 argutam.
911 790 940 858 L„
969 818 1045 858 con·

92 895 286 957 tenderunt.
328 894 499 978 Adquam
526 895 575 956 illi
597 896 788 980 opinionem
817 895 952 958 deducti
974 895 1044 956 sunt

60 977 65 987 ¹
93 1001 365 1080 argumentorum
378 993 609 1075 similitudine,
628 1015 711 1079 quae
726 1005 902 1078 utrumque
917 1004 1043 1078 poetam

23 1081 27 1086 ⁵
78 1089 127 1156 'in
150 1093 268 1155 fabulis
298 1091 466 1158 nonnullis
493 1102 709 1184 pertractasse
731 1093 892 1156 riderent.
934 1095 1041 1177 ltaque

90 1193 235 1256 habebat
256 1177 429 1276 antiquitas
440 1193 591 1278 Aeschyli
613 1192 795 1276 tragoedias
812 1195 1040 1271 Prometheum,

63 1327 64 1330 ¹
90 1293 317 1366 Philoctetam,
341 1291 523 1378 Sphingem,
541 1292 746 1371 Atalantam,
764 1294 928 1368 Bacchas,
947 1294 1041 1354 Theo·

90 1413 155 1457 ror.
196 1393 322 1454 Verum
349 1411 446 1469 ecce,
474 1387 575 1452 iidem
594 1391 683 1453 tituli
714 1391 965 1455 comoediarum
986 1389 1041 1453 all·

91 1499 173 1576 quot
199 1489 396 1573 Epicharmi
423 1477 602 1552 etiamnum
628 1491 919 1570 circumferuntur.
962 1492 1039 1553 Ate

88 1588 266 1669 titdlorum
290 1590 349 1651 ista
377 1589 598 1674 congruentia,
620 1607 661 1650 ne
692 1589 829 1652 nimium
859 1589 1039 1668 efficerent,

87 1691 152 1757 viri
174 1690 443 1770 illi-summopere
459 1709 576 1750 cavere
598 1686 773 1749 dehebant.
804 1691 1040 1776 Argumentum

89 1799 201 1858 autem
227 1809 295 1877 non
316 1787 419 1849 multo
450 1786 570 1848 certius
593 1787 820 1870 repetiverunt
848 1787 945 1856 aliie
968 1788 1038 1850 loco

49 1974 51 1976 Ι
89 1889 232 1974 quodam
253 1887 433 1964 Athenaei,
465 1887 523 1948 ubi
549 1887 657 1950 hrevis
685 1885 802 1948 eorurn'
827 1887 966 1976 historia
995 1895 1040 1950 est

88 1988 302 2073 adumbrata,
332 1985 445 2070 quiin
468 1985 667 2048 carminibus
689 1985 753 2047 suis
775 1985 825 2048 usi
846 1997 922 2049 sunt
941 1999 1040 2069 paro-

88 2087 151 2160 dia.
194 2090 235 2150 Is«
254 2097 302 2149 est
330 2086 388 2148 lib.
415 2085 486 2148 XV.
516 2107 549 2168 p.
575 2085 646 2170 698.
669 2079 697 2148 ct
736 2078 866 2168 εὑρετήν
894 2084 955 2166 μὲν
987 2075 1040 2148 adr

85 2183 283 2270 rhv'ye'rnoe
311 2185 456 2272 (eccesie
483 2182 670 2270 παρῳδίας)
693 2178 893 2249 Ἱππώνακτα
925 2186 1039 2270 φατέον

84 2283 139 2352 τόν
174 2279 386 2370 ἰαμβοποιόν.
426 2281 603 2373 Κέχρηταί
633 2283 760 2347 diane*
786 2277 988 2368 Ἐπίχαρμος
1017 2280 1037 2346 oe

70 2382 362 2473 ·Συρακούσιος”
341 2407 374 2450 εν
400 2406 464 2448 τινι
488 2385 569 2446 τῶν
577 2378 791 2469 ὃραμάτων’
774 2379 823 2446 ea'
844 2377 957 2466 ὀλίγον.
997 2387 1039 2446 At

28 2539 32 2545 ,
87 2509 126 2550 er
153 2488 232 2571 ipso
247 2485 313 2548 hoc
323 2485 484 2548 Athenaei
506 2485 732 2548 laceratione
754 2484 829 2546 satis
844 2495 935 2546 certa
957 2483 1039 2548 effici

18 2614 21 2622 ¹
85 2573 216 2672 nequit,
239 2585 338 2670 ipsius
352 2584 511 2700 Aeschyli
528 2585 629 2648 luisse
650 2580 851 2670 tragoediam
871 2584 979 2669 illam,
1003 2586 1036 2646 in
1099 2615 1100 2660 3

67 2700 184 2772 'quam
206 2685 411 2772 cognominis
441 2685 633 2755 comoediae
654 2685 827 2767 perediam
839 2683 1038 2746 intendisset

83 2787 307 2871 Epicharmus.
349 2777 429 2848 Nam
451 2785 597 2848 eodem
588 2803 659 2847 rure
679 2785 752 2846 fieri
769 2785 913 2868 potuisse
931 2784 1045 2862 ἀίςεε,“

84 2896 123 2950 ut
142 2881 357 2968 Epicharmus
378 2884 535 2967 parodiae
552 2884 753 2946 materiense
770 2892 944 2968 poetarum
967 2882 1038 2968 epi-

84 3009 202 3076 corum
221 2985 465 3049 narrationibus
478 2980 679 3048 desumserit
707 2985 808 3062 Tum,
832 2983 923 3068 quod
932 2984 1035 3046 multo

83 3087 165 3151 mihi
194 3084 322 3176 gravius
357 3083 506 3164 videtur,
541 3069 678 3169 parodia
699 3083 773 3144 ,illa
799 3083 1034 3168 Epicharmea,

84 3185 216 3270 qualem
236 3183 421 3250 Athenaeus
443 3181 578 3266 quidem
599 3181 807 3269 significavit,
830 3199 897 3244 non
915 3181 963 3244 'ad
984 3189 1036 3242 to-

85 3286 148 3348 tius
169 3283 299 3346 fabulae
319 3283 628 3367 pertractationem,
651 3281 709 3346 sed
723 3281 764 3344 ad
781 3283 955 3362 sententias
969 3282 1036 3343 vali-

5 3443 6 3446 ,
86 3405 166 3469 quas
188 3385 323 3448 alterius
344 3393 463 3468 poetae
485 3382 678 3458 ioculariter
699 3371 843 3445 detortas
863 3382 1033 3466 pertinuit.

5 3477 6 3550 l
85 3485 123 3550 ld
154 3483 366 3578 animantius
388 3483 641 3549 lociconteatus
669 3490 703 3546 et
729 3482 877 3569 exempla
897 3481 1034 3572 alioruin
