<?xml version="1.0" encoding="UTF-8"?>
<!DOCTYPE html PUBLIC "-//W3C//DTD XHTML 1.0 Transitional//EN"
    "http://www.w3.org/TR/xhtml1/DTD/xhtml1-transitional.dtd">
<html xmlns="http://www.w3.org/1999/xhtml" xml:lang="en" lang="en">
 <head>
  <title>
</title>
<meta http-equiv="Content-Type" content="text/html;charset=utf-8" />
  <meta name='ocr-system' content='tesseract 3.04.00' />
  <meta name='ocr-capabilities' content='ocr_page ocr_carea ocr_par ocr_line ocrx_word'/>
</head>
<body>
  <div class='ocr_page' id='page_1' title='image "./dedoriensiumcom01grysgoog_0109.png"; bbox 0 0 2102 3794; ppageno 0'>
   <div class='ocr_carea' id='block_1_1' title="bbox 51 79 1042 3448">
    <p class='ocr_par' dir='ltr' id='par_1_1' title="bbox 559 79 705 162">
     <span class='ocr_line' id='line_1_1' title="bbox 559 79 705 162; baseline -0.034 0"><span class='ocrx_word' id='word_1_1' title='bbox 559 79 607 162; x_wconf 49' lang='lat'><strong>92⁴</strong></span> <span class='ocrx_word' id='word_1_2' title='bbox 703 113 705 122; x_wconf 62' lang='lat'><strong><em>¹</em></strong></span> 
     </span>
    </p>

    <p class='ocr_par' dir='ltr' id='par_1_2' title="bbox 42 275 1042 1462">
     <span class='ocr_line' id='line_1_2' title="bbox 170 275 1034 370; baseline -0.008 -27"><span class='ocrx_word' id='word_1_3' title='bbox 170 275 509 370; x_wconf 64' lang='lat' dir='ltr'><strong>Batrem&#39;Epiebarmi</strong></span> <span class='ocrx_word' id='word_1_4' title='bbox 530 279 717 344; x_wconf 83' lang='lat' dir='ltr'><strong>Elothalem</strong></span> <span class='ocrx_word' id='word_1_5' title='bbox 731 279 844 342; x_wconf 36' lang='lat' dir='ltr'><strong>,fuisse</strong></span> <span class='ocrx_word' id='word_1_6' title='bbox 880 279 957 344; x_wconf 81' lang='lat' dir='ltr'><strong>dicit</strong></span> <span class='ocrx_word' id='word_1_7' title='bbox 975 279 1034 339; x_wconf 80' lang='lat' dir='ltr'><strong>Dio</strong></span> 
     </span>
     <span class='ocr_line' id='line_1_3' title="bbox 110 364 1034 472; baseline -0.008 -31"><span class='ocrx_word' id='word_1_8' title='bbox 110 387 208 472; x_wconf 82' lang='lat' dir='ltr'><strong>genes</strong></span> <span class='ocrx_word' id='word_1_9' title='bbox 229 384 335 442; x_wconf 83' lang='lat' dir='ltr'><strong>baert.</strong></span> <span class='ocrx_word' id='word_1_10' title='bbox 360 381 379 440; x_wconf 93' lang='grc' dir='ltr'><strong>Ι.</strong></span> <span class='ocrx_word' id='word_1_11' title='bbox 403 380 424 441; x_wconf 87' lang='lat' dir='ltr'><strong>l.</strong></span> <span class='ocrx_word' id='word_1_12' title='bbox 473 380 523 441; x_wconf 76' lang='lat' dir='ltr'><strong>Aa</strong></span> <span class='ocrx_word' id='word_1_13' title='bbox 549 364 648 453; x_wconf 84' lang='lat' dir='ltr'><strong>fidem</strong></span> <span class='ocrx_word' id='word_1_14' title='bbox 675 377 893 468; x_wconf 23' lang='lat' dir='ltr'><strong>autemshuic</strong></span> <span class='ocrx_word' id='word_1_15' title='bbox 915 379 985 440; x_wconf 90' lang='lat' dir='ltr'><strong>loco</strong></span> <span class='ocrx_word' id='word_1_16' title='bbox 1004 379 1034 435; x_wconf 84' lang='lat' dir='ltr'><strong>sa-</strong></span> 
     </span>
     <span class='ocr_line' id='line_1_4' title="bbox 110 479 1036 564; baseline -0.009 -22"><span class='ocrx_word' id='word_1_17' title='bbox 110 479 260 542; x_wconf 87' lang='lat' dir='ltr'><strong>ciendam</strong></span> <span class='ocrx_word' id='word_1_18' title='bbox 282 479 409 542; x_wconf 84' lang='lat' dir='ltr'><strong>accedit</strong></span> <span class='ocrx_word' id='word_1_19' title='bbox 430 481 512 542; x_wconf 84' lang='lat' dir='ltr'><strong>alter</strong></span> <span class='ocrx_word' id='word_1_20' title='bbox 534 498 571 541; x_wconf 84' lang='lat' dir='ltr'><strong>ex</strong></span> <span class='ocrx_word' id='word_1_21' title='bbox 604 479 722 540; x_wconf 88' lang='lat' dir='ltr'><strong>eodem</strong></span> <span class='ocrx_word' id='word_1_22' title='bbox 743 480 897 564; x_wconf 77' lang='lat' dir='ltr'><strong>Diogene</strong></span> <span class='ocrx_word' id='word_1_23' title='bbox 930 479 962 540; x_wconf 91' lang='lat' dir='ltr'><strong>in</strong></span> <span class='ocrx_word' id='word_1_24' title='bbox 989 479 1036 536; x_wconf 81' lang='lat' dir='ltr'><strong>uita</strong></span> 
     </span>
     <span class='ocr_line' id='line_1_5' title="bbox 108 577 1036 664; baseline -0.003 -26"><span class='ocrx_word' id='word_1_25' title='bbox 108 578 310 664; x_wconf 78' lang='lat' dir='ltr'><strong>Pythagorae</strong></span> <span class='ocrx_word' id='word_1_26' title='bbox 332 579 387 640; x_wconf 92' lang='lat' dir='ltr'><strong>lib.</strong></span> <span class='ocrx_word' id='word_1_27' title='bbox 409 579 493 647; x_wconf 82' lang='lat' dir='ltr'>v111.</span> <span class='ocrx_word' id='word_1_28' title='bbox 515 599 613 662; x_wconf 79' lang='lat' dir='ltr'><strong>segm.</strong></span> <span class='ocrx_word' id='word_1_29' title='bbox 640 599 682 656; x_wconf 89' lang='lat' dir='ltr'><strong>r.,</strong></span> <span class='ocrx_word' id='word_1_30' title='bbox 711 599 778 662; x_wconf 87' lang='lat' dir='ltr'><strong>qno</strong></span> <span class='ocrx_word' id='word_1_31' title='bbox 800 578 909 640; x_wconf 84' lang='lat' dir='ltr'>refert</span> <span class='ocrx_word' id='word_1_32' title='bbox 937 596 971 638; x_wconf 88' lang='lat' dir='ltr'><strong>ex</strong></span> <span class='ocrx_word' id='word_1_33' title='bbox 990 577 1036 635; x_wconf 87' lang='lat' dir='ltr'><strong>He·</strong></span> 
     </span>
     <span class='ocr_line' id='line_1_6' title="bbox 109 677 1036 763; baseline -0.006 -22.404"><span class='ocrx_word' id='word_1_34' title='bbox 109 679 252 756; x_wconf 84' lang='lat' dir='ltr'><strong>raclide,</strong></span> <span class='ocrx_word' id='word_1_35' title='bbox 276 677 466 762; x_wconf 80' lang='lat' dir='ltr'><strong>Serapionis</strong></span> <span class='ocrx_word' id='word_1_36' title='bbox 487 679 572 758; x_wconf 86' lang='lat' dir='ltr'><strong>filiu,</strong></span> <span class='ocrx_word' id='word_1_37' title='bbox 593 678 810 763; x_wconf 74' lang='lat' dir='ltr'><strong>Pythagoram</strong></span> <span class='ocrx_word' id='word_1_38' title='bbox 823 677 1036 760; x_wconf 81' lang='lat' dir='ltr'><strong>conscripsisse</strong></span> 
     </span>
     <span class='ocr_line' id='line_1_7' title="bbox 107 769 1036 862; baseline -0.001 -24"><span class='ocrx_word' id='word_1_39' title='bbox 107 777 272 856; x_wconf 90' lang='lat' dir='ltr'><strong>libellum,</strong></span> <span class='ocrx_word' id='word_1_40' title='bbox 295 779 349 840; x_wconf 92' lang='lat' dir='ltr'><strong>cui</strong></span> <span class='ocrx_word' id='word_1_41' title='bbox 369 779 498 840; x_wconf 86' lang='lat' dir='ltr'><strong>titulus:</strong></span> <span class='ocrx_word' id='word_1_42' title='bbox 517 770 720 862; x_wconf 68' lang='grc' dir='ltr'><em>Ἠλοθὰλης,</em></span> <span class='ocrx_word' id='word_1_43' title='bbox 741 769 758 842; x_wconf 79' lang='grc' dir='ltr'><em>ὃ</em></span> <span class='ocrx_word' id='word_1_44' title='bbox 778 777 834 841; x_wconf 72' lang='lat' dir='ltr'><strong>riv</strong></span> <span class='ocrx_word' id='word_1_45' title='bbox 856 771 956 842; x_wconf 82' lang='lat' dir='ltr'><strong>Kaiov</strong></span> <span class='ocrx_word' id='word_1_46' title='bbox 973 773 1036 840; x_wconf 75' lang='lat' dir='ltr'><strong>’Eui-</strong></span> 
     </span>
     <span class='ocr_line' id='line_1_8' title="bbox 54 875 1036 962; baseline -0.006 -22"><span class='ocrx_word' id='word_1_47' title='bbox 54 907 65 934; x_wconf 80' lang='lat' dir='ltr'><strong>e</strong></span> <span class='ocrx_word' id='word_1_48' title='bbox 107 875 239 960; x_wconf 79' lang='grc' dir='ltr'><em>χὰρμου</em></span> <span class='ocrx_word' id='word_1_49' title='bbox 268 875 384 962; x_wconf 77' lang='grc' dir='ltr'><em>πατήρ.</em></span> <span class='ocrx_word' id='word_1_50' title='bbox 435 879 534 958; x_wconf 86' lang='lat' dir='ltr'><strong>Quod</strong></span> <span class='ocrx_word' id='word_1_51' title='bbox 573 879 709 962; x_wconf 86' lang='lat' dir='ltr'><strong>quidem</strong></span> <span class='ocrx_word' id='word_1_52' title='bbox 738 880 804 940; x_wconf 91' lang='lat' dir='ltr'><strong>sive</strong></span> <span class='ocrx_word' id='word_1_53' title='bbox 843 885 961 940; x_wconf 84' lang='lat' dir='ltr'><strong>verum</strong></span> <span class='ocrx_word' id='word_1_54' title='bbox 988 878 1036 938; x_wconf 82' lang='lat' dir='ltr'><strong>sive</strong></span> 
     </span>
     <span class='ocr_line' id='line_1_9' title="bbox 109 961 1042 1043; baseline -0.006 -7"><span class='ocrx_word' id='word_1_55' title='bbox 109 977 221 1039; x_wconf 86' lang='lat' dir='ltr'><strong>fictum</strong></span> <span class='ocrx_word' id='word_1_56' title='bbox 243 977 283 1038; x_wconf 91' lang='lat' dir='ltr'><strong>ab</strong></span> <span class='ocrx_word' id='word_1_57' title='bbox 307 975 482 1043; x_wconf 86' lang='lat' dir='ltr'><strong>Heraclide</strong></span> <span class='ocrx_word' id='word_1_58' title='bbox 506 978 680 1038; x_wconf 81' lang='lat' dir='ltr'><strong>existimas:</strong></span> <span class='ocrx_word' id='word_1_59' title='bbox 708 979 773 1040; x_wconf 87' lang='lat' dir='ltr'><strong>hoc</strong></span> <span class='ocrx_word' id='word_1_60' title='bbox 795 985 888 1038; x_wconf 87' lang='lat' dir='ltr'><strong>certe</strong></span> <span class='ocrx_word' id='word_1_61' title='bbox 913 1000 930 1039; x_wconf 89' lang='lat' dir='ltr'><strong>c</strong></span> <span class='ocrx_word' id='word_1_62' title='bbox 952 961 1042 1037; x_wconf 53' lang='lat' dir='ltr'><strong>verbis*</strong></span> 
     </span>
     <span class='ocr_line' id='line_1_10' title="bbox 107 1074 1036 1163; baseline 0 -23"><span class='ocrx_word' id='word_1_63' title='bbox 107 1077 265 1163; x_wconf 81' lang='lat' dir='ltr'><strong>Diogenis</strong></span> <span class='ocrx_word' id='word_1_64' title='bbox 297 1079 456 1162; x_wconf 84' lang='lat' dir='ltr'><strong>consequi</strong></span> <span class='ocrx_word' id='word_1_65' title='bbox 485 1077 566 1138; x_wconf 90' lang='lat' dir='ltr'><strong>mihi</strong></span> <span class='ocrx_word' id='word_1_66' title='bbox 596 1077 746 1156; x_wconf 87' lang='lat' dir='ltr'><strong>videtur,</strong></span> <span class='ocrx_word' id='word_1_67' title='bbox 784 1097 849 1160; x_wconf 91' lang='lat' dir='ltr'><strong>pro</strong></span> <span class='ocrx_word' id='word_1_68' title='bbox 887 1074 1036 1139; x_wconf 72' lang='lat' dir='ltr'><strong>Elothale.</strong></span> 
     </span>
     <span class='ocr_line' id='line_1_11' title="bbox 108 1163 1037 1261; baseline -0.009 -23"><span class='ocrx_word' id='word_1_69' title='bbox 108 1177 298 1260; x_wconf 83' lang='lat' dir='ltr'><strong>Epicharmi</strong></span> <span class='ocrx_word' id='word_1_70' title='bbox 325 1187 439 1261; x_wconf 89' lang='lat' dir='ltr'><strong>patre,</strong></span> <span class='ocrx_word' id='word_1_71' title='bbox 481 1177 663 1239; x_wconf 79' lang='lat' dir='ltr'><strong>Heraclidis</strong></span> <span class='ocrx_word' id='word_1_72' title='bbox 698 1163 830 1260; x_wconf 77' lang='lat' dir='ltr'><strong>quoqne</strong></span> <span class='ocrx_word' id='word_1_73' title='bbox 862 1175 1037 1237; x_wconf 85' lang='lat' dir='ltr'><strong>sententiaa</strong></span> 
     </span>
     <span class='ocr_line' id='line_1_12' title="bbox 94 1275 1038 1358; baseline -0.002 -22"><span class='ocrx_word' id='word_1_74' title='bbox 94 1275 227 1348; x_wconf 52' lang='lat' dir='ltr'><strong>gfacere.</strong></span> <span class='ocrx_word' id='word_1_75' title='bbox 269 1278 382 1358; x_wconf 85' lang='lat' dir='ltr'><strong>Neque</strong></span> <span class='ocrx_word' id='word_1_76' title='bbox 404 1285 520 1338; x_wconf 88' lang='lat' dir='ltr'><strong>contra</strong></span> <span class='ocrx_word' id='word_1_77' title='bbox 534 1277 727 1338; x_wconf 86' lang='lat' dir='ltr'><strong>sententiam</strong></span> <span class='ocrx_word' id='word_1_78' title='bbox 743 1275 925 1352; x_wconf 86' lang='lat' dir='ltr'><strong>eiusmodi,</strong></span> <span class='ocrx_word' id='word_1_79' title='bbox 938 1275 1038 1358; x_wconf 78' lang='lat' dir='ltr'><strong>quippe</strong></span> 
     </span>
     <span class='ocr_line' id='line_1_13' title="bbox 110 1373 1036 1462; baseline -0.007 -27"><span class='ocrx_word' id='word_1_80' title='bbox 110 1397 193 1459; x_wconf 83' lang='lat' dir='ltr'><strong>quae</strong></span> <span class='ocrx_word' id='word_1_81' title='bbox 214 1377 346 1438; x_wconf 88' lang='lat' dir='ltr'><strong>venerit</strong></span> <span class='ocrx_word' id='word_1_82' title='bbox 366 1377 406 1437; x_wconf 89' lang='lat' dir='ltr'><strong>ab</strong></span> <span class='ocrx_word' id='word_1_83' title='bbox 429 1385 565 1438; x_wconf 86' lang='lat' dir='ltr'><strong>auctore</strong></span> <span class='ocrx_word' id='word_1_84' title='bbox 591 1377 742 1462; x_wconf 86' lang='lat' dir='ltr'><strong>graviore</strong></span> <span class='ocrx_word' id='word_1_85' title='bbox 769 1377 875 1436; x_wconf 86' lang='lat' dir='ltr'><strong>multo</strong></span> <span class='ocrx_word' id='word_1_86' title='bbox 910 1385 946 1437; x_wconf 88' lang='lat' dir='ltr'><strong>ct</strong></span> <span class='ocrx_word' id='word_1_87' title='bbox 975 1373 1036 1434; x_wconf 88' lang='lat' dir='ltr'><strong>anti·</strong></span> 
     </span>
    </p>

    <p class='ocr_par' dir='ltr' id='par_1_3' title="bbox 51 1470 1041 3448">
     <span class='ocr_line' id='line_1_14' title="bbox 75 1470 1034 1590; baseline -0.006 -56"><span class='ocrx_word' id='word_1_88' title='bbox 75 1470 78 1480; x_wconf 60' lang='lat'><strong><em>⁴</em></strong></span> <span class='ocrx_word' id='word_1_89' title='bbox 110 1474 247 1590; x_wconf 86' lang='lat' dir='ltr'><strong>quiore,</strong></span> <span class='ocrx_word' id='word_1_90' title='bbox 280 1475 420 1536; x_wconf 89' lang='lat' dir='ltr'><strong>multum</strong></span> <span class='ocrx_word' id='word_1_91' title='bbox 439 1476 558 1538; x_wconf 87' lang='lat' dir='ltr'><strong>valent</strong></span> <span class='ocrx_word' id='word_1_92' title='bbox 584 1476 667 1538; x_wconf 87' lang='lat' dir='ltr'><strong>mira</strong></span> <span class='ocrx_word' id='word_1_93' title='bbox 701 1475 756 1535; x_wconf 90' lang='lat' dir='ltr'><strong>illa</strong></span> <span class='ocrx_word' id='word_1_94' title='bbox 787 1473 910 1534; x_wconf 87' lang='lat' dir='ltr'><strong>Suidae</strong></span> <span class='ocrx_word' id='word_1_95' title='bbox 941 1473 1034 1535; x_wconf 79' lang='lat' dir='ltr'><strong>verba:</strong></span> 
     </span>
     <span class='ocr_line' id='line_1_15' title="bbox 108 1559 1034 1660; baseline -0.009 -24"><span class='ocrx_word' id='word_1_96' title='bbox 108 1567 132 1655; x_wconf 76' lang='grc' dir='ltr'><em>ἢ</em></span> <span class='ocrx_word' id='word_1_97' title='bbox 155 1567 337 1658; x_wconf 71' lang='lat' dir='ltr'><strong>Terapov&#39;</strong></span> <span class='ocrx_word' id='word_1_98' title='bbox 314 1601 334 1658; x_wconf 82' lang='grc' dir='ltr'><em>η</em></span> <span class='ocrx_word' id='word_1_99' title='bbox 356 1559 531 1660; x_wconf 71' lang='grc' dir='ltr'><em>Χειμάροὺ</em></span> <span class='ocrx_word' id='word_1_100' title='bbox 548 1577 606 1638; x_wconf 72' lang='grc' dir='ltr'><strong>καῖ</strong></span> <span class='ocrx_word' id='word_1_101' title='bbox 624 1572 765 1648; x_wconf 75' lang='grc' dir='ltr'><strong><em>Σικίὸος.</em></strong></span> <span class='ocrx_word' id='word_1_102' title='bbox 801 1575 960 1636; x_wconf 79' lang='lat' dir='ltr'><strong>Profecto</strong></span> <span class='ocrx_word' id='word_1_103' title='bbox 973 1591 1034 1634; x_wconf 71' lang='lat' dir='ltr'><strong>enea</strong></span> 
     </span>
     <span class='ocr_line' id='line_1_16' title="bbox 110 1671 1034 1761; baseline -0.002 -27"><span class='ocrx_word' id='word_1_104' title='bbox 110 1673 284 1736; x_wconf 82' lang='lat' dir='ltr'><strong>Heraclidi</strong></span> <span class='ocrx_word' id='word_1_105' title='bbox 317 1683 350 1735; x_wconf 91' lang='lat' dir='ltr'><strong>et</strong></span> <span class='ocrx_word' id='word_1_106' title='bbox 383 1677 525 1760; x_wconf 87' lang='lat' dir='ltr'><strong>Diogeni</strong></span> <span class='ocrx_word' id='word_1_107' title='bbox 556 1677 678 1758; x_wconf 88' lang='lat' dir='ltr'><strong>potius,</strong></span> <span class='ocrx_word' id='word_1_108' title='bbox 717 1673 839 1758; x_wconf 90' lang='lat' dir='ltr'><strong>quippe</strong></span> <span class='ocrx_word' id='word_1_109' title='bbox 873 1676 933 1761; x_wconf 92' lang='lat' dir='ltr'><strong>qui</strong></span> <span class='ocrx_word' id='word_1_110' title='bbox 966 1671 1034 1735; x_wconf 75' lang='lat' dir='ltr'><strong>certi</strong></span> 
     </span>
     <span class='ocr_line' id='line_1_17' title="bbox 51 1772 1034 1858; baseline -0.004 -25"><span class='ocrx_word' id='word_1_111' title='bbox 51 1824 54 1833; x_wconf 93' lang='lat'>.</span> <span class='ocrx_word' id='word_1_112' title='bbox 109 1773 220 1833; x_wconf 80' lang='lat' dir='ltr'><strong>verbis</strong></span> <span class='ocrx_word' id='word_1_113' title='bbox 241 1793 344 1834; x_wconf 88' lang='lat' dir='ltr'><strong>unum</strong></span> <span class='ocrx_word' id='word_1_114' title='bbox 353 1773 543 1856; x_wconf 77' lang='lat' dir='ltr'><strong>Epicharmi</strong></span> <span class='ocrx_word' id='word_1_115' title='bbox 554 1785 681 1858; x_wconf 89' lang='lat' dir='ltr'><strong>patrem</strong></span> <span class='ocrx_word' id='word_1_116' title='bbox 693 1774 950 1850; x_wconf 78' lang='lat' dir='ltr'><strong>nominaverint,</strong></span> <span class='ocrx_word' id='word_1_117' title='bbox 964 1772 1034 1832; x_wconf 79' lang='lat' dir='ltr'><strong>suleu</strong></span> 
     </span>
     <span class='ocr_line' id='line_1_18' title="bbox 110 1852 1032 1956; baseline -0.004 -25"><span class='ocrx_word' id='word_1_118' title='bbox 110 1852 301 1933; x_wconf 79' lang='lat' dir='ltr'><strong>habebimus</strong></span> <span class='ocrx_word' id='word_1_119' title='bbox 309 1918 319 1950; x_wconf 93' lang='lat'><strong>,</strong></span> <span class='ocrx_word' id='word_1_120' title='bbox 343 1895 439 1956; x_wconf 89' lang='lat' dir='ltr'><strong>quam</strong></span> <span class='ocrx_word' id='word_1_121' title='bbox 451 1861 589 1952; x_wconf 88' lang='lat' dir='ltr'><strong>Snidae,</strong></span> <span class='ocrx_word' id='word_1_122' title='bbox 605 1895 703 1956; x_wconf 89' lang='lat' dir='ltr'><strong>quem</strong></span> <span class='ocrx_word' id='word_1_123' title='bbox 715 1873 802 1933; x_wconf 87' lang='lat' dir='ltr'><strong>inter</strong></span> <span class='ocrx_word' id='word_1_124' title='bbox 813 1872 910 1954; x_wconf 86' lang='lat' dir='ltr'><strong>plura</strong></span> <span class='ocrx_word' id='word_1_125' title='bbox 924 1869 1032 1931; x_wconf 79' lang='lat' dir='ltr'><strong>nomia</strong></span> 
     </span>
     <span class='ocr_line' id='line_1_19' title="bbox 112 1969 1031 2054; baseline -0.005 -24"><span class='ocrx_word' id='word_1_126' title='bbox 112 1969 248 2032; x_wconf 87' lang='lat' dir='ltr'><strong>dubium</strong></span> <span class='ocrx_word' id='word_1_127' title='bbox 269 1971 437 2033; x_wconf 83' lang='lat' dir='ltr'><strong>haesisse</strong></span> <span class='ocrx_word' id='word_1_128' title='bbox 428 1971 857 2054; x_wconf 77' lang='lat' dir='ltr'><strong>ipsaeiusverbap1·odunt.</strong></span> <span class='ocrx_word' id='word_1_129' title='bbox 900 1970 1031 2034; x_wconf 75' lang='lat' dir='ltr'><strong>Nimirum</strong></span> 
     </span>
     <span class='ocr_line' id='line_1_20' title="bbox 111 2071 1041 2158; baseline 0 -28"><span class='ocrx_word' id='word_1_130' title='bbox 111 2073 156 2146; x_wconf 89' lang='lat' dir='ltr'><strong>is,</strong></span> <span class='ocrx_word' id='word_1_131' title='bbox 180 2072 330 2153; x_wconf 87' lang='lat' dir='ltr'><strong>quisnam</strong></span> <span class='ocrx_word' id='word_1_132' title='bbox 340 2071 530 2158; x_wconf 77' lang='lat' dir='ltr'><strong>Epicharmi</strong></span> <span class='ocrx_word' id='word_1_133' title='bbox 545 2080 640 2156; x_wconf 83' lang='lat' dir='ltr'><strong>pater</strong></span> <span class='ocrx_word' id='word_1_134' title='bbox 657 2080 741 2132; x_wconf 88' lang='lat' dir='ltr'><strong>esset</strong></span> <span class='ocrx_word' id='word_1_135' title='bbox 754 2071 944 2149; x_wconf 82' lang='lat' dir='ltr'><strong>habendus,</strong></span> <span class='ocrx_word' id='word_1_136' title='bbox 966 2072 1041 2153; x_wconf 65' lang='lat' dir='ltr'><strong>igne,</strong></span> 
     </span>
     <span class='ocr_line' id='line_1_21' title="bbox 111 2168 1030 2258; baseline -0.003 -29"><span class='ocrx_word' id='word_1_137' title='bbox 111 2173 198 2238; x_wconf 78' lang='lat' dir='ltr'><strong>ravit</strong></span> <span class='ocrx_word' id='word_1_138' title='bbox 218 2193 322 2258; x_wconf 88' lang='lat' dir='ltr'><strong>aeque</strong></span> <span class='ocrx_word' id='word_1_139' title='bbox 344 2195 381 2234; x_wconf 91' lang='lat' dir='ltr'><strong>ac</strong></span> <span class='ocrx_word' id='word_1_140' title='bbox 403 2171 615 2250; x_wconf 75' lang='lat' dir='ltr'><strong>lamblichus,</strong></span> <span class='ocrx_word' id='word_1_141' title='bbox 637 2171 831 2233; x_wconf 60' lang='lat' dir='ltr'><strong>cuius‘haec</strong></span> <span class='ocrx_word' id='word_1_142' title='bbox 855 2173 889 2230; x_wconf 91' lang='lat' dir='ltr'><strong>ia</strong></span> <span class='ocrx_word' id='word_1_143' title='bbox 912 2172 975 2232; x_wconf 86' lang='lat' dir='ltr'><strong>vita</strong></span> <span class='ocrx_word' id='word_1_144' title='bbox 995 2168 1030 2246; x_wconf 65' lang='lat' dir='ltr'><strong>ry·</strong></span> 
     </span>
     <span class='ocr_line' id='line_1_22' title="bbox 111 2260 1027 2362; baseline -0.009 -29"><span class='ocrx_word' id='word_1_145' title='bbox 111 2273 267 2356; x_wconf 87' lang='lat' dir='ltr'><strong>thagorae</strong></span> <span class='ocrx_word' id='word_1_146' title='bbox 289 2296 317 2334; x_wconf 89' lang='lat' dir='ltr'><strong>c.</strong></span> <span class='ocrx_word' id='word_1_147' title='bbox 340 2275 391 2362; x_wconf 74' lang='grc' dir='ltr'><strong>34.Ι</strong></span> <span class='ocrx_word' id='word_1_148' title='bbox 420 2273 522 2334; x_wconf 85' lang='lat' dir='ltr'><strong>verba</strong></span> <span class='ocrx_word' id='word_1_149' title='bbox 553 2260 726 2332; x_wconf 86' lang='lat' dir='ltr'><strong>habemus:</strong></span> <span class='ocrx_word' id='word_1_150' title='bbox 758 2271 815 2332; x_wconf 85' lang='grc' dir='ltr'><strong><em>καί</em></strong></span> <span class='ocrx_word' id='word_1_151' title='bbox 840 2265 1027 2352; x_wconf 65' lang='grc' dir='ltr'><strong>Μητρόδωρι·</strong></span> 
     </span>
     <span class='ocr_line' id='line_1_23' title="bbox 110 2363 1041 2455; baseline -0.014 -22"><span class='ocrx_word' id='word_1_152' title='bbox 110 2393 144 2433; x_wconf 77' lang='grc' dir='ltr'><strong>τε</strong></span> <span class='ocrx_word' id='word_1_153' title='bbox 166 2366 182 2435; x_wconf 82' lang='grc' dir='ltr'><em>ὃ</em></span> <span class='ocrx_word' id='word_1_154' title='bbox 205 2366 336 2455; x_wconf 76' lang='grc' dir='ltr'><em>Θύρσου</em></span> <span class='ocrx_word' id='word_1_155' title='bbox 357 2373 414 2434; x_wconf 74' lang='grc' dir='ltr'><strong>τοῦ</strong></span> <span class='ocrx_word' id='word_1_156' title='bbox 436 2370 554 2454; x_wconf 77' lang='grc' dir='ltr'><strong><em>πατόὂς</em></strong></span> <span class='ocrx_word' id='word_1_157' title='bbox 572 2363 773 2452; x_wconf 68' lang='grc' dir='ltr'><em>Ἐπιχάρμου</em></span> <span class='ocrx_word' id='word_1_158' title='bbox 796 2391 825 2430; x_wconf 83' lang='grc' dir='ltr'><strong>κ.</strong></span> <span class='ocrx_word' id='word_1_159' title='bbox 835 2367 900 2430; x_wconf 54' lang='grc' dir='ltr'><strong>τζλ.</strong></span> <span class='ocrx_word' id='word_1_160' title='bbox 933 2364 1041 2445; x_wconf 65' lang='lat' dir='ltr'><strong>Quali?</strong></span> 
     </span>
     <span class='ocr_line' id='line_1_24' title="bbox 111 2459 1041 2556; baseline -0.012 -21.927"><span class='ocrx_word' id='word_1_161' title='bbox 111 2473 274 2556; x_wconf 82' lang='lat' dir='ltr'><strong>Thyrsum</strong></span> <span class='ocrx_word' id='word_1_162' title='bbox 310 2473 502 2554; x_wconf 83' lang='lat' dir='ltr'><strong>Epicharmi</strong></span> <span class='ocrx_word' id='word_1_163' title='bbox 536 2480 664 2553; x_wconf 88' lang='lat' dir='ltr'><strong>patrem</strong></span> <span class='ocrx_word' id='word_1_164' title='bbox 697 2471 795 2530; x_wconf 85' lang='lat' dir='ltr'><strong>fuisse</strong></span> <span class='ocrx_word' id='word_1_165' title='bbox 828 2459 965 2531; x_wconf 84' lang='lat' dir='ltr'><strong>omuino</strong></span> <span class='ocrx_word' id='word_1_166' title='bbox 993 2459 1041 2530; x_wconf 73' lang='lat' dir='ltr'><strong>sihi}</strong></span> 
     </span>
     <span class='ocr_line' id='line_1_25' title="bbox 110 2565 1041 2662; baseline -0.018 -29"><span class='ocrx_word' id='word_1_167' title='bbox 110 2593 303 2658; x_wconf 87' lang='lat' dir='ltr'><strong>persuasum</strong></span> <span class='ocrx_word' id='word_1_168' title='bbox 334 2571 499 2630; x_wconf 86' lang='lat' dir='ltr'><strong>habuisset</strong></span> <span class='ocrx_word' id='word_1_169' title='bbox 527 2571 746 2632; x_wconf 88' lang='lat' dir='ltr'><strong>lamblichus:</strong></span> <span class='ocrx_word' id='word_1_170' title='bbox 779 2569 932 2662; x_wconf 82' lang='lat' dir='ltr'><strong>profecto</strong></span> <span class='ocrx_word' id='word_1_171' title='bbox 960 2565 1041 2626; x_wconf 87' lang='lat' dir='ltr'><strong>verlu</strong></span> 
     </span>
     <span class='ocr_line' id='line_1_26' title="bbox 110 2659 1031 2754; baseline -0.017 -20"><span class='ocrx_word' id='word_1_172' title='bbox 110 2673 167 2734; x_wconf 81' lang='grc' dir='ltr'><strong>τοῦ</strong></span> <span class='ocrx_word' id='word_1_173' title='bbox 189 2671 306 2752; x_wconf 77' lang='grc' dir='ltr'><strong><em>πατρὸς</em></strong></span> <span class='ocrx_word' id='word_1_174' title='bbox 323 2663 525 2752; x_wconf 78' lang='grc' dir='ltr'><em>Ἐπιχάρμου</em></span> <span class='ocrx_word' id='word_1_175' title='bbox 548 2693 613 2732; x_wconf 92' lang='lat' dir='ltr'><strong>uon</strong></span> <span class='ocrx_word' id='word_1_176' title='bbox 633 2670 843 2754; x_wconf 85' lang='lat' dir='ltr'><strong>apposuisset.</strong></span> <span class='ocrx_word' id='word_1_177' title='bbox 884 2659 1031 2730; x_wconf 87' lang='lat' dir='ltr'><strong>Nevemili</strong></span> 
     </span>
     <span class='ocr_line' id='line_1_27' title="bbox 112 2757 1031 2854; baseline -0.012 -21"><span class='ocrx_word' id='word_1_178' title='bbox 112 2771 229 2854; x_wconf 78' lang='lat' dir='ltr'><strong>aliquis</strong></span> <span class='ocrx_word' id='word_1_179' title='bbox 242 2771 342 2846; x_wconf 85' lang='lat' dir='ltr'><strong>Saxn,</strong></span> <span class='ocrx_word' id='word_1_180' title='bbox 364 2769 505 2830; x_wconf 86' lang='lat' dir='ltr'><strong>Harlesii</strong></span> <span class='ocrx_word' id='word_1_181' title='bbox 527 2769 731 2850; x_wconf 85' lang='lat' dir='ltr'><strong>aliorumque</strong></span> <span class='ocrx_word' id='word_1_182' title='bbox 754 2757 949 2829; x_wconf 77' lang='lat' dir='ltr'><strong>sententiam</strong></span> <span class='ocrx_word' id='word_1_183' title='bbox 969 2781 1031 2826; x_wconf 81' lang='lat' dir='ltr'><strong>com</strong></span> 
     </span>
     <span class='ocr_line' id='line_1_28' title="bbox 112 2866 1031 2952; baseline -0.011 -21"><span class='ocrx_word' id='word_1_184' title='bbox 112 2871 246 2950; x_wconf 86' lang='lat' dir='ltr'><strong>mendet</strong></span> <span class='ocrx_word' id='word_1_185' title='bbox 254 2915 263 2949; x_wconf 87' lang='lat'><strong>,</strong></span> <span class='ocrx_word' id='word_1_186' title='bbox 288 2869 344 2952; x_wconf 90' lang='lat' dir='ltr'><strong>qui</strong></span> <span class='ocrx_word' id='word_1_187' title='bbox 367 2878 404 2928; x_wconf 89' lang='lat' dir='ltr'><strong>nt</strong></span> <span class='ocrx_word' id='word_1_188' title='bbox 417 2878 566 2932; x_wconf 89' lang='lat' dir='ltr'><strong>auctores</strong></span> <span class='ocrx_word' id='word_1_189' title='bbox 579 2869 619 2928; x_wconf 88' lang='lat' dir='ltr'><strong>dc</strong></span> <span class='ocrx_word' id='word_1_190' title='bbox 631 2867 819 2949; x_wconf 87' lang='lat' dir='ltr'><strong>Epicharmi</strong></span> <span class='ocrx_word' id='word_1_191' title='bbox 832 2867 925 2950; x_wconf 84' lang='lat' dir='ltr'><strong>patre</strong></span> <span class='ocrx_word' id='word_1_192' title='bbox 938 2866 1031 2928; x_wconf 84' lang='lat' dir='ltr'><strong>disere·</strong></span> 
     </span>
     <span class='ocr_line' id='line_1_29' title="bbox 111 2965 1031 3056; baseline -0.01 -23"><span class='ocrx_word' id='word_1_193' title='bbox 111 2979 225 3056; x_wconf 83' lang='lat' dir='ltr'><strong>pantes</strong></span> <span class='ocrx_word' id='word_1_194' title='bbox 248 2975 336 3033; x_wconf 85' lang='lat' dir='ltr'><strong>inter</strong></span> <span class='ocrx_word' id='word_1_195' title='bbox 358 2991 390 3031; x_wconf 90' lang='lat' dir='ltr'><strong>se</strong></span> <span class='ocrx_word' id='word_1_196' title='bbox 413 2969 666 3052; x_wconf 88' lang='lat' dir='ltr'><strong>coniungerent,</strong></span> <span class='ocrx_word' id='word_1_197' title='bbox 689 2968 770 3028; x_wconf 87' lang='lat' dir='ltr'><strong>duos</strong></span> <span class='ocrx_word' id='word_1_198' title='bbox 793 2965 1031 3052; x_wconf 84' lang='lat' dir='ltr'><strong>suisseEpiehar·</strong></span> 
     </span>
     <span class='ocr_line' id='line_1_30' title="bbox 113 3067 1029 3153; baseline -0.009 -21"><span class='ocrx_word' id='word_1_199' title='bbox 113 3093 205 3148; x_wconf 78' lang='lat' dir='ltr'><strong>mos,¹</strong></span> <span class='ocrx_word' id='word_1_200' title='bbox 234 3073 373 3133; x_wconf 89' lang='lat' dir='ltr'><strong>alterum</strong></span> <span class='ocrx_word' id='word_1_201' title='bbox 408 3069 530 3153; x_wconf 78' lang='lat' dir='ltr'><strong>Tityri,</strong></span> <span class='ocrx_word' id='word_1_202' title='bbox 568 3069 707 3129; x_wconf 86' lang='lat' dir='ltr'><strong>alterum</strong></span> <span class='ocrx_word' id='word_1_203' title='bbox 740 3068 901 3129; x_wconf 88' lang='lat' dir='ltr'><strong>Elothalis</strong></span> <span class='ocrx_word' id='word_1_204' title='bbox 940 3067 1029 3128; x_wconf 79' lang='lat' dir='ltr'><strong>filiam·</strong></span> 
     </span>
     <span class='ocr_line' id='line_1_31' title="bbox 114 3165 1028 3250; baseline -0.012 -17"><span class='ocrx_word' id='word_1_205' title='bbox 114 3171 297 3234; x_wconf 83' lang='lat' dir='ltr'><strong>statuerint.</strong></span> <span class='ocrx_word' id='word_1_206' title='bbox 338 3169 499 3230; x_wconf 88' lang='lat' dir='ltr'><strong>Veterum</strong></span> <span class='ocrx_word' id='word_1_207' title='bbox 510 3168 596 3228; x_wconf 91' lang='lat' dir='ltr'><strong>enim</strong></span> <span class='ocrx_word' id='word_1_208' title='bbox 613 3165 790 3250; x_wconf 87' lang='lat' dir='ltr'><strong>scriptores</strong></span> <span class='ocrx_word' id='word_1_209' title='bbox 804 3188 917 3228; x_wconf 90' lang='lat' dir='ltr'><strong>omnes</strong></span> <span class='ocrx_word' id='word_1_210' title='bbox 940 3167 975 3227; x_wconf 87' lang='lat' dir='ltr'><strong>dc</strong></span> <span class='ocrx_word' id='word_1_211' title='bbox 987 3173 1028 3222; x_wconf 63' lang='lat' dir='ltr'><strong>unt</strong></span> 
     </span>
     <span class='ocr_line' id='line_1_32' title="bbox 112 3266 1028 3354; baseline -0.012 -23"><span class='ocrx_word' id='word_1_212' title='bbox 112 3269 341 3331; x_wconf 85' lang='lat' dir='ltr'><strong>tantummodo</strong></span> <span class='ocrx_word' id='word_1_213' title='bbox 363 3267 563 3350; x_wconf 82' lang='lat' dir='ltr'><strong>Epicharmo</strong></span> <span class='ocrx_word' id='word_1_214' title='bbox 587 3266 709 3326; x_wconf 87' lang='lat' dir='ltr'><strong>dicunt.</strong></span> <span class='ocrx_word' id='word_1_215' title='bbox 746 3269 859 3354; x_wconf 83' lang='lat' dir='ltr'><strong>Atque</strong></span> <span class='ocrx_word' id='word_1_216' title='bbox 887 3267 913 3325; x_wconf 88' lang='lat' dir='ltr'><strong>si</strong></span> <span class='ocrx_word' id='word_1_217' title='bbox 942 3279 1028 3326; x_wconf 78' lang='lat' dir='ltr'><strong>ereo</strong></span> 
     </span>
     <span class='ocr_line' id='line_1_33' title="bbox 116 3353 1029 3448; baseline -0.006 -24"><span class='ocrx_word' id='word_1_218' title='bbox 116 3367 207 3448; x_wconf 86' lang='lat' dir='ltr'><strong>quod</strong></span> <span class='ocrx_word' id='word_1_219' title='bbox 239 3367 278 3425; x_wconf 87' lang='lat' dir='ltr'><strong>ab</strong></span> <span class='ocrx_word' id='word_1_220' title='bbox 311 3365 380 3424; x_wconf 88' lang='lat' dir='ltr'><strong>aliis</strong></span> <span class='ocrx_word' id='word_1_221' title='bbox 411 3361 600 3432; x_wconf 79' lang='lat' dir='ltr'><strong>auctoribus</strong></span> <span class='ocrx_word' id='word_1_222' title='bbox 632 3353 712 3423; x_wconf 84' lang='lat' dir='ltr'><strong>alias</strong></span> <span class='ocrx_word' id='word_1_223' title='bbox 742 3364 932 3445; x_wconf 85' lang='lat' dir='ltr'><strong>Epicharmi</strong></span> <span class='ocrx_word' id='word_1_224' title='bbox 964 3366 1029 3443; x_wconf 71' lang='lat' dir='ltr'><strong>paltl&#39;</strong></span> 
     </span>
    </p>
   </div>
   <div class='ocr_carea' id='block_1_2' title="bbox 9 3459 1027 3544">
    <p class='ocr_par' dir='ltr' id='par_1_4' title="bbox 9 3459 1027 3544">
     <span class='ocr_line' id='line_1_34' title="bbox 9 3459 1027 3544; baseline -0.012 -19"><span class='ocrx_word' id='word_1_225' title='bbox 9 3463 12 3544; x_wconf 33' lang='grc' dir='ltr'>Ἰ</span> <span class='ocrx_word' id='word_1_226' title='bbox 118 3469 410 3539; x_wconf 85' lang='lat' dir='ltr'><strong>commemoratur,</strong></span> <span class='ocrx_word' id='word_1_227' title='bbox 432 3461 513 3524; x_wconf 88' lang='lat' dir='ltr'><strong>duos</strong></span> <span class='ocrx_word' id='word_1_228' title='bbox 537 3460 634 3524; x_wconf 86' lang='lat' dir='ltr'><strong>fuisse</strong></span> <span class='ocrx_word' id='word_1_229' title='bbox 655 3459 870 3544; x_wconf 82' lang='lat' dir='ltr'><strong>&#39;Epicharmos</strong></span> <span class='ocrx_word' id='word_1_230' title='bbox 900 3461 1027 3524; x_wconf 77' lang='lat' dir='ltr'><strong>conticere</strong></span> 
     </span>
    </p>
   </div>
   <div class='ocr_carea' id='block_1_3' title="bbox 9 3631 143 3722">
    <p class='ocr_par' dir='ltr' id='par_1_5' title="bbox 9 3595 143 3722">
     <span class='ocr_line' id='line_1_35' title="bbox 9 3631 143 3722; baseline -0.015 0"><span class='ocrx_word' id='word_1_231' title='bbox 9 3631 143 3722; x_wconf 72' lang='grc' dir='ltr'><strong>ι’</strong></span> 
     </span>
    </p>
   </div>
   <div class='ocr_carea' id='block_1_4' title="bbox 0 0 1059 3794">
    <p class='ocr_par' dir='ltr' id='par_1_6' title="bbox 0 0 1059 3794">
     <span class='ocr_line' id='line_1_36' title="bbox 0 0 1059 3794; baseline 0 0"><span class='ocrx_word' id='word_1_232' title='bbox 0 0 1059 3794; x_wconf 95' lang='lat' dir='ltr'><strong> </strong></span> 
     </span>
    </p>
   </div>
  </div>
 </body>
</html>
