2266 3802
495 90 638 201 „Q
687 49 692 62 .

58 359 60 367 .
89 277 130 340 de
153 279 270 342 fabulis
292 259 361 341 eius
384 289 494 342 extant
515 251 680 366 copiosius
703 290 867 354 enarrata.
908 283 945 344 ln
970 283 1062 344 uui-

88 399 220 440 versum
232 381 514 442 ibteerormidis
527 383 734 444 comoediam
745 393 778 443 et
789 385 876 456 inter
884 381 1063 464 Epichar-

9 514 12 522 ‚
88 501 194 552 meam
210 481 350 546 multum
365 482 585 546 similitudinis
602 483 760 545 interesse
781 483 938 550 debebat:
964 483 1064 544 alio-

87 579 168 660 quin
182 579 221 642 de
232 571 616 660 comoediaerltalantae
628 604 712 666 quae
727 583 766 644 ab
779 583 849 643 aliis
860 561 1061 669 Pbbrrnidi,

43 711 53 740 a
86 683 127 743 ab
149 681 218 744 aliis
240 681 438 763 Epicharmo
469 683 695 760 tribuebatur,
724 692 859 747 auctore
886 682 1054 744 dubitari

87 801 153 842 nou
185 782 353 863 potuisset.
396 780 442 842 Cf.
467 777 592 842 Suidas.
627 783 648 842 Ι.
672 783 692 844 Ι.
726 773 843 844 ΑΙΙιειΙ.
876 782 932 842 lib.
954 781 1057 843 XIV.

81 903 118 968 p.
140 880 211 942 652.
241 903 268 942 a.
300 903 333 963 p.
355 881 424 943 618.
455 902 481 941 e.
524 881 682 964 Superest
704 865 823 958 unum,
856 881 945 964 q‘uod
969 901 1060 941 cer-

85 987 162 1040 tum.
178 978 218 1040 de
240 976 420 1042 Phormide
444 981 643 1052 confirmare
667 980 755 1046 licet.
790 979 822 1039 'Is
847 979 934 1041 enim
957 1000 1059 1040 uon-

88 1081 178 1140 nulla
199 1081 232 1143 in
255 1098 370 1142 scaeua
386 1081 575 1143 exornanda
591 1090 625 1141 et
635 1081 852 1151 histrionibus
864 1079 1058 1142 vestiendis

89 1181 280 1246 immutavit.
322 1183 467 1264 Namque
490 1172 739 1263 scaenas‘quali
761 1177 951 1241 comoediae
977 1178 1059 1239 bis-

86 1281 213 1342 triones
245 1289 318 1342 ante
345 1280 532 1340 Phormidis
565 1289 715 1362 tempora
738 1264 935 1356 utebantur,
970 1299 1061 1363 sug-

85 1385 191 1465 gestus
221 1379 346 1463 ligneus
374 1387 446 1440 erat
474 1387 507 1439 et
535 1369 683 1460 apposita
712 1378 828 1442 scala.
848 1378 905 1438 His
928 1385 1055 1439 autem

88 1479 216 1540 nullum
237 1500 372 1562 prorsus
395 1469 543 1540 additum
565 1486 645 1540 erat·
656 1485 890 1538 oruamentum
910 1477 1056 1537 scaeni-

86 1601 170 1640 cum.
193 1581 273 1641 Rem
296 1578 339 1639 ita
362 1599 430 1656 esse
452 1577 596 1662 videbis,
617 1577 644 1636 si
664 1552 872 1636 vasculorum
895 1576 1061 1658 picturas

7 1735 8 1742 ,
86 1680 172 1756 illas,
196 1679 314 1761 quibus
344 1677 471 1762 priscae
494 1677 682 1738 Siculorum
710 1673 902 1764 comoediae
933 1676 1059 1758 speci-

84 1779 182 1840 mina¹
203 1777 417 1854 exhibentur,
450 1777 640 1860 inspexeris.
682 1754 834 1858 Exempli
868 1797 964 1836 causa
1001 1778 1054 1838 cf.

84 1877 301 1946 Hancarville.
323 1885 402 1962 tom.
426 1878 476 1938 Ill.
499 1878 543 1958 pl.
571 1876 637 1938 108.
668 1876 785 1937 Millin.
811 1875 942 1956 Galeris
966 1899 1054 1962 my.

81 1978 164 2040 tbol.
199 1981 245 2039 13.
266 1979 322 2054 ¹48.
372 1975 524 2050 Phormis
549 1976 664 2058 ¹igitur
694 1963 1057 2058 primus'suggestum

82 2077 231 2162 stragulis
248 2075 432 2158 purpureis
462 2073 651 2136 exornavit.
686 2073 751 2133 Sed
772 2094 915 2156 quonam
936 2075 1054 2138 modo

82 2187 115 2238 et
137 2177 339 2261 quibusnam
358 2196 493 2236 scaenae
515 2173 663 2265 partibus
691 2171 756 2232 boc
772 2193 947 2260 purpurae
980 2195 1053 2234 or-

83 2284 272 2348 nomentum
293 2273 451 2335 Phormis
466 2260 679 2354 applicuerit.
703 2271 738 2332 icl
747 2251 907 2332 eSuidae
925 2273 1053 2334 verbis

83 2397 149 2436 non
179 2375 315 2434 omnino
344 2371 525 2454 perspicuis
553 2369 654 2452 σκηνῇ
685 2363 850 2452 δερμάτων
882 2371 1054 2453 φοινικῶν

82 2475 231 2562 patefieri
256 2473 389 2555 nequit.
422 2471 548 2532 Verum
560 2470 798 2570 qualiscunque
811 2467 941 2529 demum
954 2469 1053 2534 baec

84 2587 155 2642 erat
177 2597 260 2635 nova
281 2593 417 2633 scaenae
441 2570 625 2632 exornatio:
654 2561 820 2658 placebat
828 2589 867 2630 ea
885 2566 1051 2652 reliquis

84 2676 201 2738 Siculis
224 2674 299 2750 ita,
311 2679 348 2731 ut
369 2691 443 2730 eam
462 2677 496 2729 et
517 2669 581 2728 suis
602 2669 739 2752 pulpitis
762 2649 916 2728 addere
908 2667 1053 2750 1ncipe-

84 2785 168 2838 rent.
202 2773 279 2836 lude
295 2769 431 2830 fortasse
452 2769 575 2829 factum
597 2775 660 2844 est,
684 2775 721 2827 ut
743 2787 780 2828 ea
803 2776 836 2828 et
856 2768 890 2827 in
903 2767 1052 2829 Nisaeo-

76 2899 157 2948 ,rum
178 2871 433 2958 Megarensiumv
448 2869 570 2929 urbemx
590 2867 832 2928 traduceretur.
874 2867 922 2948 lbi
945 2870 1051 2956 enim

81 2973 285 3056 temporibus
325 2969 429 3030 multo
467 2965 785 3036 etiam·serioribus
820 2965 956 3048 choragi
992 2969 1045 3030 ob

29 3072 32 3079 ’
82 3081 248 3160 purpurae
260 3073 402 3134 ,abusum
417 3067 621 3162 ridebantur.
644 3067 692 3129 Cf.
706 3066 842 3148 Aspasii.
856 3077 1045 3129 comment.

81 3174 227 3238 adArist.
250 3171 347 3232 etbic.
369 3169 493 3230 Nicom.
508 3167 561 3228 lV.
577 3189 627 3242 a,
650 3176 684 3228 et
706 3187 788 3248 quae
811 3165 972 3248 saprade
999 3189 1043 3231 re

1 3327 2 3332 ,
83 3297 126 3336 ea
143 3273 226 3337 dixi
267 3269 334 3329 Uti
359 3277 468 3332 autem
498 3267 567 3348 ipsa
595 3287 711 3328 scaena
741 3273 816 3327 ante
844 3265 1042 3348 Phormidis

1 3441 2 3444 Ἴ
81 3385 231 3455 ,tempora
253 3367 343 3430 omni
366 3375 485 3426 ornatu
507 3373 582 3426 erat
600 3364 772 3426 destituta:
806 3364 850 3424 ita
872 3343 1043 3433 iocularia

1 3487 2 3548 f
82 3495 180 3554 supra
205 3465 362 3544 modum,
394 3485 459 3528 non
483 3487 559 3526 raro
582 3463 694 3547 inepta
724 3471 817 3526 erant
839 3463 1043 3528 indumenti
