2266 3802
496 181 500 190 .
551 101 595 180 '³1
667 95 670 100 ’

100 364 187 420 cata
214 333 372 420 ridebis.
403 331 551 421 ssAltero
578 364 710 420 autem
739 344 939 421 uolumine
964 369 1054 416 mox

97 481 252 556 edendo
285 483 530 587 quaestiones
562 508 666 556 meas
700 481 754 554 ita
786 459 1049 565 continuabo,

98 633 144 687 ut
171 628 299 716 'quum
335 612 529 714 quaedam
562 611 611 687 de
644 606 892 700 comoediae,
933 602 1053 710 quam

97 765 247 820 veteres
266 743 466 835 dicebant,
485 746 645 834 Italicae
662 762 804 830 natura
823 761 941 862 atque
959 767 1052 814 con-

100 874 251 952 ditione
270 879 551 984 praemiserim,
568 881 665 954 vitas
679 875 905 965 Rhintonis,
927 873 1050 948 Blaesi
1107 863 1109 869 ’

99 1032 138 1088 et
169 1015 238 1116 qui
268 1013 335 1089 alii
368 1034 526 1118 praeter
557 1041 620 1088 eos
653 1013 731 1098 illo
755 1009 1048 1086 comoediarum

32 1185 34 1190 v
93 1149 244 1250 vgenere
277 1129 434 1224 laudem
467 1149 763 1250 aliquamsunt
798 1141 1050 1244 consequuti,

100 1308 286 1356 enarrare
320 1284 516 1386 incipiam.
567 1285 669 1358 Tum
689 1281 934 1386 deniqueet
960 1275 1052 1380 Epi-

99 1417 251 1492 charmi
268 1437 307 1492 et
318 1419 475 1492 Italicae
489 1415 711 1492 comoediae
729 1429 936 1520 poetarum
952 1414 1055 1513 frag-

99 1570 230 1625 menta
246 1552 443 1640 adiiciam,
459 1551 653 1654 quantum
665 1536 1049 1626 subsidiismeis'fieri

98 1687 264 1790 poterit,
292 1665 645 1786 emendata'atque
671 1685 878 1758 illustrata.
920 1775 922 1780 ‚

173 1805 254 1893 sid*
280 1821 358 1894 iam
391 1838 543 1922 tempus
575 1836 652 1907 est,
691 1817 819 1892 ut·ad
852 1836 890 1890 te
923 1817 1053 1918 ipsum

95 1929 343 2044 convertam,
375 1955 429 2039 mi
455 1949 691 2042 Woelnere,
726 1951 899 2054 'quocum
925 1969 965 2025 ct
989 1977 1054 2024 ve-

1 2113 2 2118 *
98 2089 342 2162 rissimae·et
376 2083 618 2161 dulcissimae
656 2087 850 2162 amicitiae
883 2083 1051 2159 vinculis

98 2247 162 2296 me
195 2247 272 2295 esse
304 2219 560 2332 coniunctum
590 2221 687 2294 milri
723 2221 910 2322 gratulor.
962 2221 1048 2294 Hoc

99 2355 206 2430 enim
229 2357 324 2430 scias
348 2351 484 2444 velim,
511 2377 573 2429 me
592 2355 651 2428 uti
666 2381 839 2458 semper,
868 2355 1071 2428 itanunc·

98 2490 265 2566 maxime
298 2491 356 2563 tui
390 2508 430 2564 et
463 2491 666 2594 temporis,
702 2491 810 2594 quod
844 2508 974 2565 tecum
1009 2489 1053 2564 in

97 2627 209 2699 Alma
229 2619 418 2700 Rhenana
438 2627 651 2716 consumsi,
680 2625 949 2701 iucundissimi
971 2651 1052 2702 mer

97 2755 262 2832 moriam
295 2774 376 2830 toto
410 2758 540 2832 animo
573 2776 763 2862 repetere.
822 2762 877 2832 Ac
913 2757 1052 2853 videor
1112 2794 1115 2802 ·

100 2891 198 2965 mihi
233 2889 364 2964 denno
385 2907 532 2970 ,tecum
559 2917 658 2980 esse,
697 2859 827 3000 tecum
854 2891 1050 2993 colloqui,

98 3041 230 3098 tecum
248 3023 365 3097 rebus
383 3023 517 3098 iocosis
537 3041 576 3096 et
594 3023 702 3097 seriis
720 3023 918 3100 delectari.
959 3025 1052 3118 sed,
1117 3054 1119 3060 ⁴

97 3157 207 3260 quod
232 3157 446 3270 aliquando
466 3133 633 3235 'student
654 3179 845 3250 amantes,
872 3163 944 3262 qui
971 3189 1052 3238 me·
1080 3135 1082 3138 Ι

96 3310 184 3366 tum
211 3287 372 3368 ¹omnem
397 3321 442 3366 ac
467 3294 727 3396 suspicionem
745 3291 1049 3396 ¹deposuerunt,

97 3445 165 3518 ut,
195 3427 593 3529 quibusteneantur,
620 3429 805 3532 vinculis,
839 3445 879 3502 et
905 3417 1054 3506 ollivi-¹

1072 3621 1132 3696 in
