2210 3798
465 99 608 204 ,777

57 288 172 374 fragm.
193 285 295 350 Ennii
316 282 356 372 p.'
374 308 440 371 ¹7⁰·
483 289 631 376 Namque
650 293 738 371 ¹extat
760 285 848 369 inter
869 285 1015 378 tersion-

58 388 109 450 Ios
130 387 367 470 Epicharmeos
388 407 490 464 nnus,
513 387 612 472 quem
634 394 668 448 et
688 393 818 447 veteres
839 394 873 446 et
894 405 1013 447 recen-

58 486 163 548 tiores
174 486 350 562 sexcenties
364 485 548 548 laudarunt.
593 487 622 546 Is
643 492 691 546 est
712 488 836 550 autem:
858 483 934 557 νοῦς
951 477 1014 567 ὁρῇ

50 583 118 651 Ιναι
145 584 221 660 νοῦς
253 577 384 650 inova·
415 575 512 650 acilio
543 582 639 666 κωφοὶ
666 581 724 648 καί
750 578 866 666 τυφλά.
918 581 1014 642 Hunc

50 681 285 756 ¹Tertullianus
315 704 447 770 quoqne
480 684 513 747 in
543 683 634 744 ΙίΙ77ο
652 681 704 744 de
731 683 843 744 animo
875 703 902 744 o.
929 681 1013 743 VIII.

59 790 139 844 tom.
162 769 199 842 II.
222 782 335 866 p806
360 783 410 848 cd
432 765 532 848 Paris
556 783 599 844 ob
622 761 736 844 oculos
756 781 879 846 habuit.
912 781 1015 844 Nimi-

58 901 151 958 rum,
175 901 249 944 cum
264 879 435 947 Platonem
457 883 567 944 animo
585 880 652 942 vim
674 877 838 942 sentiendi
860 879 1013 944 tribuisse

59 979 302 1058 contendisset,
326 980 517 1048 haeoverha
534 980 673 1044 addidit.
698 983 877 1042 meminerat
899 981 1014 1042 seilicet

57 1093 87 1138 et
117 1079 318 1170 Epicharmi
324 1082 449 1143 comici.-
481 1082 605 1144 animus
632 1081 749 1151 cernit,
778 1081 901 1140 animus
922 1078 1014 1140 audit

55 1192 113 1242 etc
156 1178 303 1243 Eandem
325 1199 405 1243 vero
416 1177 607 1262 Epicharmi
629 1179 827 1242 sententiam
848 1177 959 1239 attulit
980 1185 1014 1258 et

55 1259 322 1372 Theodoretns
313 1301 347 1340 777
369 1300 521 1344 sermone
545 1280 649 1340 snoI.
672 1278 713 1344 de
736 1277 801 1338 lide
824 1299 854 1362 p
847 1278 937 1391 ,478
961 1277 1012 1340 ed.

58 1377 166 1453 Paris.
183 1378 264 1442 κατὰ
279 1379 340 1462 γὰρ
358 1377 398 1459 δὴ
416 1377 469 1440 τὸν
476 1371 696 1460 Ἐπίχαρμαν,
710 1367 946 1462 τὸνΠοθογόρξ
950 1397 1014 1440 ιον.

55 1477 134 1556 νοῦς
144 1470 224 1570 ῦρῆ
252 1477 310 1544 καί
334 1477 410 1552 νοῦς
439 1469 552 1546 ἀκούει
583 1500 613 1539 κ.
638 1500 666 1544 τ.
693 1479 720 1538 λ.
762 1475 883 1554 Vides,
915 1466 1014 1562 quem

55 1583 191 1659 poetam
218 1577 382 1641 comicum
415 1575 496 1640 dixit
527 1575 768 1658 Tertullianus,
804 1562 915 1636 enln
907 1596 1014 1657 ipsum
1082 1638 1086 1652 ,

53 1674 292 1758 philosophum
313 1675 568 1762 Pythagoricum
590 1673 657 1738 diei
679 1699 697 1738 a
715 1673 947 1736 Theodoreto
963 1673 1015 1736 CI

41 1773 221 1855 'Pluta'ifroh
253 1775 310 1839 vit.
331 1777 424 1835 Num.
456 1795 535 1858 aa
577 1775 629 1840 Nil
661 1775 762 1862 igitur
792 1782 848 1836 esti
870 1772 1011 1849 certius,

55 1897 157 1958 quam
189 1895 272 1958 quae
303 1873 346 1940 de
379 1883 478 1958 poeta
508 1875 635 1936 comico
676 1882 709 1936 et
737 1873 777 1936 de
809 1871 1012 1958 philosopho

51 1973 257 2088 Epicharmo
274 1984 402 2038 veteres
419 1977 559 2044 attulere
576 1975 717 2056 indicia,
740 1976 781 2040 ad
804 1997 907 2041 annm
929 1995 1013 2084 enn-

53 2073 198 2160 demque
219 2075 329 2142 virum
349 2075 531 2156 pertinere.

117 2175 185 2234 Iam
207 2182 322 2238 antem
344 2175 418 2243 satis
441 2175 546 2256 liquet
576 2196 614 2239 er
636 2177 789 2238 omnibns
811 2175 893 2254 illis,
926 2198 1010 2260 quac

50 2271 155 2336 modo
187 2272 366 2372 disputavi,
389 2273 631 2356 Epicharmum
659 2273 700 2336 ad
728 2275 834 2336 studia
861 2275 1011 2358 philoso-

47 2373 152 2458 phiae
174 2372 376 2456 aliquamdiu
398 2394 533 2455 operam
555 2395 644 2434 suam
659 2337 845 2436 contulisse.
873 2367 1007 2465 Neque,

50 2474 113 2556 qui
135 2471 291 2560 reliquias
314 2473 383 2533 eins
406 2474 438 2533 in
457 2481 647 2534 transcursu
668 2481 797 2540 tanturn
819 2473 1010 2536 considera-

49 2573 156 2664 verit,
170 2572 258 2637 idem
282 2593 349 2634 non
370 2573 601 2658 suspicabitur.
642 2573 686 2644 Et
705 2573 907 2664 Pythagorae
931 2577 1008 2660 qui.

50 2671 227 2750 demeum
249 2673 438 2742 auditorem
458 2673 558 2739 fuisse
581 2665 717 2740 co'nstat,
761 2672 860 2755 Quod
884 2674 948 2736 iana
970 2695 1008 2739 ex
1045 2697 1048 2702 ’

49 2792 93 2832 eo
116 2771 235 2858 aliquis
256 2773 425 2838 coniicero
447 2773 565 2853 possit,
589 2771 679 2855 quod
701 2780 796 2866 pater
815 2771 1009 2856 Epicharmi

48 2869 220 2933 Elothales
243 2872 391 2936 intimam
412 2871 615 2956 Pythagorae
644 2871 820 2932 amicitiam
843 2872 903 2938 sibi
927 2893 1009 2934 con-

48 2971 234 3048 ciliaverat,
258 2979 290 3030 et
312 2970 631 3054 fratresEpicharmi
653 2979 830 3054 praecepta
842 2971 1007 3055 Pythago
1099 3047 1100 3050 7

47 3073 121 3136 rica
152 3071 193 3132 ad
214 3079 325 3140 antem
356 3092 445 3134 suam
474 3070 635 3172 medicam
661 3060 913 3136 transtulerant.
957 3072 1005 3132 Cf.
1099 3065 1100 3116 l

46 3170 145 3252 Diog.
167 3171 274 3230 Laert
297 3147 353 3230 Ill)
376 3168 456 3230 VIII.
480 3181 577 3253 segin.
604 3192 628 3230 1.
656 3157 777 3233 iambi·
796 3170 830 3235 in
854 3170 921 3230 vita
943 3153 1006 3255 Py·
1057 3153 1059 3162 Ι
1098 3225 1099 3242 7

50 3267 136 3350 thag
159 3289 187 3330 c.
210 3271 257 3346 ss
301 3267 397 3328 Sed
389 3291 423 3334 717
444 3267 556 3336 haere
578 3263 779 3333 coniecturis
803 3265 934 3333 mininie
959 3277 1007 3326 est

50 3387 147 3450 opus
181 3369 359 3454 certissima
388 3370 477 3432 enim
504 3368 717 3462 suppeditant
738 3376 890 3430 veterum
913 3355 1008 3429 testi...

37 3447 660 3568 ,7770177177Ιὶ7ι7αιεη7ἀΡΙυῑοτςΙ77117
648 3465 812 3574 grnpriinis
833 3486 1003 3580 provoco,
