2210 3792
19 296 23 301 ’
104 277 261 360 pampinis
282 269 323 360 ἦν
341 276 401 340 nni
422 271 618 360 φιλότεχνος.
662 280 768 360 Atque
792 271 869 360 quia
892 263 958 352 sibi
983 274 1062 336 velit

106 379 292 474 illeverbis
318 375 568 463 τῆν-,κωμῳδῶν
597 370 823 460 (lapidantium
845 369 1064 457 ἀνεκτήσατο,

106 478 169 538 iam
204 498 303 558 supra
334 499 365 559 p.
399 497 447 560 7¹·
483 477 556 536 satis
590 475 783 536 dilucidasse
813 474 894 535 mihi
926 475 1061 542 videor.

1 590 4 596 '
105 578 215 672 llestat
244 576 368 660 igitur,
394 581 484 636 utet
507 597 666 658 quaenam
691 575 830 661 'inventa
858 583 891 634 et
919 574 1064 634 artificia

92 675 148 764 ¹ud
169 675 372 738 comoediam
393 667 580 738 adhibuerit
600 673 831 756 Epicharmus,
863 680 896 732 et
918 695 987 754 qua
1009 695 1066 734 ra-

106 777 198 862 tione
221 775 253 834 in
277 775 411 859 singulis
443 774 628 835 fabularum
650 771 1063 889 partibus-pertractandis

107 893 182 936 usus
205 875 322 950 fuerit,
346 883 501 956 quantum
522 875 557 936 id
578 895 639 956 per
661 875 924 938 testimoniorum
946 873 1065 932 brevi-

107 984 208 1038 tatem
235 983 268 1035 et
289 975 441 1064 exiguum
460 973 676 1058 reliquiarum
706 993 879 1034 numerum
902 973 978 1032 lieri
1002 993 1065 1054 po-

108 1082 185 1180 test,
209 1073 380 1178 inquirere
400 1073 603 1184 incipiamps.

170 1173 280 1254 ltaque
302 1181 340 1231 ut
357 1172 378 1232 'a
399 1193 532 1248 scaena,
561 1171 595 1232 in
619 1193 683 1253 qua
705 1167 827 1232 fabulas
850 1189 920 1229 suas
944 1167 1065 1230 docuit

108 1270 338 1352 Epicharmus,
362 1269 490 1330 initium
513 1269 680 1328 faciamus:
706 1263 914 1351 aliquantum¹
930 1266 990 1328 illa
1013 1266 1065 1326 di-

109 1367 214 1430 stabat
236 1392 253 1430 3
279 1369 406 1450 pulpito
429 1369 587 1450 portabili
608 1379 640 1429 et
657 1370 785 1452 exiguo,
809 1369 843 1426 in
869 1388 935 1450 qno
963 1368 1066 1448 prisci

15 1517 18 1530 ,
109 1469 260 1530 ludiones
300 1467 483 1552 spectacula
513 1489 632 1550 parum
668 1467 905 1551 praemeditata
931 1469 1065 1527 ‘turbae

111 1569 333 1630 circumstanti
356 1577 609 1649 proposuerant.
652 1568 756 1628 Efficit
785 1569 871 1626 enim
899 1567 985 1626 iusta
1007 1589 1066 1626 co-

110 1667 258 1730 moediae
285 1667 519 1749 Epicharmeae
538 1667 731 1750 xmagnitudo
764 1676 861 1748 atque
887 1667 1066 1726 artificiosa

111 1776 295 1844 structura,
319 1775 355 1826 ut
375 1766 541 1848 pulpitum
562 1767 633 1836 satis
656 1767 798 1848 amplum
816 1776 847 1829 et
867 1759 1066 1848 apparatum

31 1885 34 1890 ’
112 1857 296 1930 scaenicum
325 1867 398 1928 satis
427 1863 668 1948 decorumipsi
700 1886 766 1926 non
789 1866 931 1928 defuisse
955 1867 1067 1927 existi-

112 1986 206 2028 mem.
251 1965 415 2068 Quodque
447 1985 582 2027 scaenae
615 1965 747 2026 suberat
778 1965 961 2042 theatrum,
997 1967 1066 2026 sive

94 2067 280 2150 ,ligneum
279 2065 323 2127 id
354 2073 426 2125 erat
456 2065 522 2125 sire
555 2065 732 2148 lapideum,
765 2065 805 2124 a'd
838 2073 1067 2146 spectatorum

114 2139 364 2248 Syracusiarum
392 2163 636 2224 multitudinem
669 2162 861 2250 capiendam
886 2162 1065 2240 idoneum,

115 2285 222 2346 neque
235 2288 252 2324 3
263 2285 377 2328 rernm
393 2247 640 2345 splendidarum
655 2262 776 2337 studio,
801 2262 891 2344 quod
910 2283 1067 2348 magnum

113 2383 190 2422 saue
223 2362 256 2420 ἰ3
289 2362 351 2422 illis
380 2370 469 2438 erat,
500 2361 643 2422 alienum
666 2381 732 2421 esse
756 2345 918 2422 debebat
949 2360 1066 2421 Fuisse

114 2466 237 2535 autern,
261 2461 409 2542 quitum
424 2459 588 2541 temporis
611 2458 651 2520 ad
669 2479 818 2526 scaenam
837 2461 972 2542 eiusque
990 2483 1068 2542 par-

30 2632 36 2649 ,
115 2569 163 2622 tes
186 2559 388 2620 exornandas
417 2559 524 2620 studia
546 2581 601 2620 sua
624 2552 833 2636 conferrent,
860 2558 1067 2636 Phormidis,

117 2681 215 2744 quem
235 2658 363 2742 pulpito
387 2667 419 2718 et
438 2658 653 2720 histrionibus
677 2667 766 2720 certa
784 2659 944 2748 quaedam
957 2663 1068 2721 'orna-

116 2767 226 2825 menta
248 2757 402 2820 adiecisse
416 2756 533 2818 Suidae
557 2757 741 2820 testimonio
758 2758 890 2835 edocui,
915 2752 1066 2842 esempln

117 2845 335 2924 demonstrari
365 2866 483 2940 potest.
535 2857 591 2928 Sin
622 2865 723 2934 vero,
761 2879 842 2942 quae
872 2859 1001 2942 singula
1035 2863 1066 2921 in

118 2977 253 3027 scaenae
268 2956 457 3022 'rationibus
488 2956 699 3017 emendandis
730 2955 884 3018 effecerat
904 2957 1068 3040 Epichar-

117 3076 204 3134 mus,
234 3075 302 3116 non
327 3056 518 3116 nominatim
541 3063 694 3116 veterum
719 3057 896 3138 scriptores
919 3059 1067 3120 tradide-

39 3208 42 3212 ,
118 3165 214 3220 runt:
236 3155 475 3248 ‘'multatamen
508 3165 540 3218 et
561 3141 696 3216 scaenae
726 3157 910 3234 attribuisse
932 3160 1067 3225 artificia

10 3319 14 3328 ,
109 3263 269 3338 ,poetam,
303 3264 425 3342 quem
449 3249 805 3338 προςφιλοτεχνὴσαντα
840 3263 872 3316 et
909 3251 1068 3338 tripartitis

121 3355 217 3414 luisse
251 3351 407 3414 iudicavit
435 3368 586 3437 anonym.
609 3355 696 3436 apud
717 3355 868 3431 Karsten,
897 3351 1068 3422 iustissime

122 3439 332 3534 suspicamur.
355 3485 356 3490 κ
377 3453 449 3529 Qua
471 3452 605 3535 quidem
615 3453 661 3514 in
677 3473 713 3514 re
725 3453 862 3528 multum
881 3453 957 3532 ille,
981 3463 1070 3538 post-
