2210 3792
460 81 808 222 ,ιρι

115 323 230 378 scaena
252 303 516 388 comparuerint,
540 313 573 366 et
590 326 664 366 cum
676 302 738 364 alia
750 303 903 386 quapiam
920 321 1050 386 persona

31 441 36 462 ι
112 399 298 466 sermonem
319 404 557 466 conseruerint.
601 402 637 464 Id
659 397 766 464 autem
787 403 829 462 ita
852 403 975 462 factum
993 421 1049 460 esse

112 501 250 582 opinor,
282 509 318 562 ut
348 505 466 564 ceteris
499 501 681 562 tacentibus
714 521 826 561 aarum
857 521 923 558 una
956 499 1050 558 collo-

39 641 41 649 ι
85 621 87 630 ’
110 601 238 684 quentis
257 601 380 662 vicibus
399 600 644 684 defungeretur.
670 601 782 682 Neque
799 593 952 681 prolecto
967 599 1051 658 salta-

39 684 42 690 ¹
81 749 83 754 .
109 709 197 762 tores
211 701 275 778 illi,
289 723 307 762 a
319 701 653 784 quibuscomoediam
664 699 806 782 aliquam
815 699 1051 772 denominatam

91 801 259 884 >antiquos
291 801 439 864 habuisse
469 801 568 878 docet
588 801 804 884 Hephaestio,
825 823 857 884 p.
878 801 951 878 db,
984 821 1050 860 oum

106 885 300 984 praecipuas
317 899 402 960 illius
420 909 529 984 partes
543 900 729 964 sustinuisse
745 894 943 978 videantur,
962 897 1049 958 dein-

52 1013 60 1020 ··
107 987 238 1078 capeio
262 985 412 1060 scaenam
433 997 668 1080 procedebant
712 999 779 1056 Imo
802 1018 880 1058 vero
900 996 943 1056 ad
961 995 1049 1056 ebori

97 1094 241 1156 'modum
270 1115 383 1156 omnes
404 1088 529 1154 simul
512 1115 553 1154 ιιι
576 1096 772 1175 proscaenio
803 1093 1049 1176 conspiciendos

105 1215 139 1255 se
168 1157 405 1277 spectatoribus
437 1192 640 1273 obtulerunt.
692 1189 798 1252 Minus
831 1189 929 1251 etiam
958 1191 1048 1253 buius

105 1293 156 1349 rei
178 1290 417 1352 dubitationem
443 1291 582 1352 admittit
604 1289 775 1353 comoedia
797 1289 866 1366 illa,
900 1289 993 1350 cuius
1013 1291 1048 1349 ti-

105 1389 192 1450 tulus
215 1384 551 1472 neeromantia
568 1411 611 1452 ea
634 1391 723 1452 enim
743 1390 924 1481 legatorum
938 1390 1049 1455 multi-

14 1503 15 1506 ’
103 1487 269 1575 tudinem,
293 1487 424 1551 eumad
444 1489 606 1572 templum
616 1489 813 1570 Delphicum
832 1490 1047 1564 accessissent,

62 1647 82 1667 „
105 1597 298 1652 ornamenta
320 1587 386 1649 eius
416 1609 483 1651 esse
506 1589 680 1650 admiratos
711 1588 881 1670 dacisque
910 1591 1047 1652 interse

102 1675 216 1750 uerba*
226 1685 339 1748 fecisse
362 1685 483 1748 diserte
498 1687 620 1749 'docuit
635 1687 820 1748 Athenaeus
835 1685 916 1748 VIII.
939 1709 970 1770 p.
983 1690 1044 1750 362.

103 1807 131 1846 e.
154 1781 184 1848 oi
202 1784 325 1871 θεωροὶ
346 1783 548 1869 καθορῶντές
570 1807 653 1868 φασι
675 1785 732 1848 καί
751 1781 826 1848 adds
842 1785 913 1848 m.
928 1790 954 1847 λ.
988 1786 1043 1851 sed

50 1946 57 1956 ,
100 1909 191 1948 nunc
213 1885 294 1952 satis
310 1886 535 1970 exemplorum
556 1895 627 1952 estu
646 1890 692 1950 Ita
706 1889 806 1973 igitur
816 1887 901 1948 ban-c
920 1888 1046 1949 histrio-

102 2007 179 2046 num
202 1985 297 2046 chori
318 1986 464 2060 adinstar
492 1985 525 2046 in
548 2007 699 2048 scaenam
719 1986 955 2070 prodeuntium
978 1996 1043 2048 tur-

99 2084 175 2146 bam
197 2083 298 2168 egisse
320 2085 415 2162 solas,
442 2093 614 2147 uteorum
636 2107 720 2145 unus
742 2107 816 2147 cum
837 2085 960 2164 altero,
974 2078 1043 2168 “qui

98 2183 150 2270 rel
173 2183 306 2246 aliunde
328 2184 525 2262 accessisset,
537 2171 600 2245 'vel
617 2185 773 2267 adipsum
794 2183 887 2245 illum
898 2185 1042 2266 *chorum

62 2311 64 2318 ι
98 2285 296 2370 pertineret,
328 2283 533 2367 colloquium
561 2285 670 2356 facere
692 2285 862 2365 inciperet.
907 2286 1043 2364 Qualem

27 2463 32 2468 ι
60 2451 66 2470 ,f
99 2385 283 2444 actorum
275 2407 309 2444 ιιι
336 2404 486 2471 scaenam
513 2383 724 2444 inductorum
745 2381 1041 2470 multitudinem
1019 2407 1043 2444 si

74 2481 169 2568 ιἰῙιιίι
191 2484 352 2546 chorum
350 2478 520 2548 nominare
543 2485 636 2562 velit,
660 2481 814 2568 equidem
836 2505 903 2546 non
926 2487 1040 2571 probi-

89 2583 193 2662 bebo.
258 2583 275 2604 ”

156 2682 282 2761 Verum
308 2702 507 2765 magnopere
542 2691 590 2744 est
614 2682 815 2764 cavendum,
849 2703 891 2743 ne
921 2681 1039 2746 cboros

94 2781 171 2844 istos
194 2781 386 2870 comoediae
407 2781 644 2865 Epcharmeae
666 2781 760 2884 tales,
794 2783 903 2866 quales
927 2783 1041 2845 habuit

93 2859 342 2947 Atheniensium
372 2880 542 2945 comoedia
572 2873 721 2964 antiqua,
756 2881 852 2943 lbisse
885 2883 1038 2966 opineris

13 3025 14 3028 ι
92 2978 143 3040 Ilh'
165 2980 252 3040 enim
274 2981 336 3040 et
329 3001 363 3039 m
385 2999 548 3056 scaenam,
571 2999 678 3062 neque
691 3000 771 3041 vero
787 2979 821 3040 in
838 2979 1039 3044 orcbestram

92 3079 352 3157 inducebantur,
386 3088 420 3140 et
440 3101 513 3142 oum
535 3103 552 3142 a
574 3080 721 3140 cantibus
748 3080 812 3141 illis
839 3081 1038 3144 artificiosis-

90 3177 194 3254 simis,
217 3199 311 3260 quos
320 3177 399 3260 μέλη
421 3179 541 3262 χορικιι
561 3187 688 3252 veteres
711 3177 878 3254 dicebant,
903 3182 1036 3240 omnino

13 3335 14 3342 χ
89 3275 309 3352 abstinerent,
332 3275 463 3354 iisdem,
495 3279 611 3360 quibus
634 3277 737 3339 ceteri
758 3285 905 3354 actores,
929 3279 1036 3340 divar-

71 3365 149 3433 biis
172 3383 205 3433 et
226 3374 368 3436 numeris
391 3376 578 3462 utebantur.
622 3369 722 3436 Cuius
740 3377 842 3437 reiut
863 3399 1035 3460 argumen-

13 3507 14 3554 3
90 3477 157 3534 tum
169 3473 323 3555 proferre
335 3469 616 3551 nointermittam,
628 3497 684 3558 age
697 3473 877 3556 videamus,
896 3469 1035 3560 quanam

33 3680 103 3696 *a

113 3713 145 3768 k
