2266 3802
556 53 701 164 A

129 245 246 329 'modi
265 252 432 312 autocrte
452 244 575 310 similes
596 245 693 310 simul
709 243 1039 332 cumpompisltaoeh

151 345 211 410 edi
232 366 301 407 esse
322 343 432 407 solitas
454 344 614 408 ostendat.

102 454 104 460 ’
216 445 251 505 ln
274 444 464 506 uuiversum
485 443 678 506 comoediae
698 443 793 524 iiiae,
824 465 904 528 quas
924 443 1027 507 modo

151 544 283 629 signore
300 543 423 633 incepi,
447 543 528 606 iocis
543 552 577 608 ct
595 543 841 621 delectamentis
859 553 956 608 erant
971 543 1040 628 quir

149 642 377 732 plenissimam
399 643 457 706 sed
478 644 618 718 caedens
635 663 743 728 neque
765 643 1024 728 praemeditatae

151 763 219 827 que
252 742 293 805 ad
325 743 403 806 artis
434 752 613 827 praecepte
645 745 882 807 conformatae.
936 743 1036 806 Unde

152 841 309 904 omnibns
338 863 458 906 nomeu
485 842 608 906 indidit
636 839 780 929 φαλλικίὶΙ
797 836 1040 924 αὖτοσχεδιάσμ

150 943 355 1026 Aristoteles.
397 945 564 1009 Ludiones
585 953 695 1010 autem
717 951 873 1006 ornatum
894 944 1032 1006 maxime

150 1041 281 1104 loribus
303 1044 368 1106 suis
387 1043 590 1128 variegatam
611 1052 645 1104 et
665 1043 904 1105 iocosissmum
922 1041 1041 1105 habeba

152 1141 412 1226 quatemiufrae
425 1143 767 1228 vasouiisqoibusdam
778 1141 975 1207 describam.
1004 1143 1041 1208 Iis

151 1244 278 1308 fabulas
296 1242 671 1330 ita-repraesentabant,
704 1253 742 1306 ut
764 1265 834 1306 non
856 1252 925 1308 tam
947 1242 1041 1306 diver

149 1363 252 1426 qnam
273 1342 394 1422 mimis,
426 1343 506 1427 quid
532 1351 700 1428 ageretur,
731 1341 957 1406 ostenderent.
1008 1344 1041 1402 Ca

151 1441 188 1508 iu
212 1441 357 1504 dicteriis
378 1441 457 1504 hinc
479 1441 572 1504 illinc
588 1442 744 1526 inspersis
762 1441 914 1504 oratione
936 1463 1042 1526 prosas

150 1563 222 1604 non
244 1553 354 1604 autem
374 1541 521 1605 versibus
537 1549 650 1614 metro
666 1542 800 1624 inclusis
816 1543 1006 1605 utebantur.
1039 1553 1042 1601 ι’

148 1645 297 1730 primum
326 1625 436 1706 iocum
457 1645 655 1706 obtinebant
673 1644 795 1707 multae
813 1643 895 1706 illae
917 1643 1042 1706 saltatio

148 1743 302 1806 mimicae
324 1743 407 1826 ipsas
429 1743 617 1806 comoedias
639 1751 953 1826 aut'consequentes
975 1752 1032 1804 aut

91 1911 92 1916 ,
148 1843 357 1928 tecedentes,
385 1862 469 1928 quae
493 1865 652 1929 nusquam
674 1846 744 1908 fere
766 1854 913 1923 tautum,
945 1853 1043 1928 quant

146 1941 241 2005 hisce
262 1943 453 2027 regionibus
476 1952 585 2008 essent
605 1944 750 2007 excultae
766 1953 800 2006 et
812 1944 990 2012 adunatae.
1024 1947 1043 2005 11

146 2045 273 2116 factum
294 2051 359 2122 est,
381 2052 419 2104 ut
438 2044 470 2106 in
493 2043 584 2106 Italia
606 2049 640 2106 et
660 2045 773 2110 Sicilia
793 2047 866 2132 ipso
885 2053 1043 2130 cotempc

150 2167 220 2234 quo
240 2145 323 2208 iusta
338 2145 511 2208 comoedis
522 2147 644 2230 ubique
656 2147 863 2226 innotuerat,
886 2149 1014 2232 priscae
1028 2150 1043 2209 ii

149 2245 344 2310 comoediae
354 2243 731 2309 cumsaltationibuss'uis
741 2247 979 2310 retinerentur.
991 2251 1043 2312 lta·

146 2344 341 2408 Aristoteles
362 2345 437 2406 loeo
455 2345 531 2421 illo,
554 2367 621 2428 quo
634 2345 772 2428 φαλλικά
794 2337 1043 2426 adenoysdtdop.

147 2443 434 2519 commemoravit,
457 2447 609 2526 apposuit
624 2443 758 2506 haecce:
781 2443 840 2508 καὶ
858 2443 961 2508 ταῦτα
981 2443 1028 2510 ἔτι

146 2543 184 2614 ἐν,
202 2547 332 2619 πολλαῖς
352 2536 461 2605 πόλεσι
481 2541 679 2622 διαμένουσι.
719 2546 799 2606 Nam
820 2545 846 2605 is
868 2546 1043 2628 profectos

147 2629 319 2705 alias'uisi
347 2641 536 2706 Siculorum
565 2651 599 2702 et
628 2642 784 2705 Italorum
814 2645 961 2708 civitates
992 2667 1043 2708 ves

147 2743 218 2806 istis
248 2743 387 2816 notavit3
416 2740 688 2826 proptereaquod
719 2744 1036 2806 aetateAristotelis

148 2841 289 2926 reliquis
312 2843 470 2904 Graeciae
498 2841 689 2926 regionibus
715 2863 856 2926 pompae
884 2843 960 2906 iliae
982 2844 1043 2927 pha

146 2963 205 3005 cae
228 2943 293 3005 iam
314 2942 438 3006 dudum
459 2950 555 3004 erant
573 2942 772 3026 antiquatae.
815 2943 912 3004 Cuius
934 2943 986 3006 rei
1006 2945 1041 3005 lu

147 3043 279 3106 lentum
297 3045 458 3126 praebent
472 3042 656 3126 exemplum
673 3043 838 3122 Thebani,
862 3043 1012 3128 quicum
1031 3067 1043 3107 c

148 3145 244 3206 nium
252 3143 432 3206 diutissime
444 3142 484 3206 roi
494 3143 631 3227 φαλλικὰ
641 3153 897 3221 conservassent,
907 3143 1043 3207 01.1.xr

94 3277 96 3284 ·
145 3244 167 3305 i.
197 3264 237 3304 ea
264 3243 435 3337 antiquare
463 3267 481 3303 a
501 3241 684 3304 Battarcha
709 3242 862 3326 Pagonda
890 3243 1043 3308 iuberent

149 3344 244 3420 Quae
266 3363 341 3403 cum
362 3337 406 3403 ita
428 3340 507 3418 sint,
528 3341 792 3418 vix‘miraberis,
816 3343 911 3405 italos
928 3343 1043 3408 utSicn

148 3440 308 3529 quosdam
329 3435 522 3516 inlaellarum
544 3441 673 3516 illarum
690 3450 779 3505 actus
797 3443 829 3510 iu
847 3443 1019 3509 nonnullis
1034 3467 1043 3506 s
