2210 3798
521 29 666 186 ..rr

108 286 184 328 rum
201 263 346 328 indicem
360 273 428 326 tam
444 263 580 327 brevem
595 265 838 328 adumbraverit
850 265 1054 344 Aristoteles,

54 443 56 454 Ι
108 374 146 426 ut
172 374 238 428 tres
270 366 344 426 ilios
372 349 497 430 medios
527 365 663 428 omnino
694 365 876 428 omitteret:
904 367 980 427 ,eius
1012 367 1056 427 rei
1091 443 1092 446 Ἴ

109 487 205 526 causa
244 465 341 527 facile
377 463 649 547 deprehenditur.
703 462 862 528 Nimirum
896 475 966 528 arte
1006 488 1057 528 sua
1091 453 1092 518 Ῐ

109 566 286 628 Chionides
308 574 406 648 atque
428 567 558 648 Magnes
579 550 682 630 tribus
705 567 770 628 istis
793 567 890 650 longe
912 577 1055 649 praesta·
1091 613 1092 656 t

107 665 198 729 hant.
244 650 342 743 Quod
370 666 434 728 iam
467 687 504 728 ex
533 687 573 727 eo
605 667 720 749 aliquis
750 667 909 753 colligere
941 668 1055 752 possit,
1091 669 1092 750 i

51 803 53 808 ·
111 762 221 846 quod,
249 785 324 824 cum
347 764 387 825 de
410 763 571 826 Chionide
594 773 628 826 et
648 767 799 850 Magnete
828 766 959 849 antiqui
987 788 1056 827 cum
1091 775 1092 804 ¹

107 863 209 932 laude
248 864 356 948 aliqua
397 865 635 944 iudicaverint,
675 866 716 930 de
746 866 864 952 Myllo,
892 867 999 927 Enete
1031 873 1058 928 et
1089 823 1092 960 i

109 963 280 1026 Euxenide
302 964 379 1046 ipsis
401 965 593 1048 paucissima
613 973 756 1042 tantum,
779 965 958 1028 dedahulis
972 963 1058 1028 nulla
1090 975 1092 1050 t

110 1083 247 1145 prorsus
278 1063 398 1126 iudicia
420 1084 529 1148 neque
552 1085 665 1126 earum
686 1062 769 1124 adeo
793 1063 928 1126 nomina
949 1085 1059 1147 super·

16 1179 17 1182 ’
111 1169 197 1223 aunt.
227 1161 274 1222 Cf.
298 1163 484 1224 Meineckii.
508 1185 540 1246 q.
562 1185 604 1226 sc.
626 1163 702 1246 pfl.
726 1184 814 1247 seqq.
854 1164 945 1226 Bene
969 1163 1059 1248 igitur

112 1268 147 1322 et
167 1261 354 1342 prudenter
383 1263 463 1324 fecit
484 1261 690 1339 Aristoteles,
708 1263 796 1346 «qui,
827 1260 959 1324 cumin
984 1282 1059 1322 con-

111 1364 272 1423 troversia
294 1361 350 1422 iiia
372 1361 412 1424 de
434 1362 567 1424 inventa
579 1371 612 1423 et
622 1363 769 1445 perfecta
780 1362 954 1424 comoedia
965 1361 1060 1424 Athe-

112 1461 241 1522 arienses
265 1484 393 1534 causam
410 1485 500 1524 suam
518 1464 807 1554 agentesfaceret,
830 1451 1059 1549 praetermissis
1090 1493 1092 1544 ᾗ

112 1563 367 1624 tenebrionihus
396 1565 467 1624 istis
495 1563 534 1625 ad
556 1565 811 1646 praestantiores
837 1573 963 1626 tantum
982 1563 1059 1624 iliius

112 1663 185 1722 aevi
206 1669 320 1743 poetas
342 1669 562 1744 provocaret.¹
592 1661 739 1727 Eandem
758 1671 866 1726 autem
884 1663 1059 1736 rationem,

113 1759 149 1822 in
182 1768 286 1822 aetate
314 1759 436 1820 horum
464 1768 641 1844 poetarum
677 1761 865 1822 definienda·
891 1769 1060 1844 sequutum

112 1879 182 1922 esse
215 1861 293 1922 scias
325 1861 486 1922 Wolfium
516 1861 550 1921 in
583 1860 681 1946 proli.
711 1883 743 1947 p.
775 1861 890 1924 txtx.
932 1864 1057 1950 Neque,

75 1976 77 1986 ’
114 1959 205 2043 qnod
222 1948 419 2022 Chionideni
434 1960 578 2043 primum
593 1969 768 2043 poetarum
784 1959 987 2022 comicorum
1007 1979 1058 2045 ego

56 2063 58 2068 '
113 2059 209 2144 posui
217 2103 234 2138 ,Ἴ
251 2079 292 2120 eo
315 2058 498 2147 refutatur,
522 2059 612 2144 qnod
634 2057 836 2121 Meineekius
858 2058 879 2120 1.
901 2059 922 2118 l.
944 2079 1059 2144 provo-

29 2151 32 2156 ’
115 2159 201 2220 cavit
221 2159 262 2220 ad
273 2157 417 2222 fabulam
430 2159 599 2220 Chionidis
618 2179 684 2220 non
698 2159 871 2244 genuinam
889 2154 918 2220 oi
929 2149 996 2221 moi*
997 2181 1059 2240 χοι,

115 2283 182 2344 qua
201 2260 390 2343 Gnesippus
411 2259 539 2320 Cratini
557 2259 701 2343 aequalis
724 2255 997 2346 commemoratus
1019 2281 1060 2320 es-

113 2369 174 2423 set.
215 2361 298 2422 Eam
319 2360 418 2421 enim.
430 2352 584 2422 fabulam
599 2381 665 2421 non
683 2358 723 2419 ab
741 2359 811 2440 ipso
823 2355 989 2422 Chionide
1011 2353 1058 2420 sed

116 2461 158 2521 ab
189 2459 511 2545 alio-conscriptam
543 2457 640 2520 fuisse
670 2457 810 2546 repetita
831 2458 902 2523 vice
932 2467 1059 2524 testatur

114 2561 302 2636 Athenaeus
324 2559 408 2622 XIV.
431 2583 462 2650 p.
484 2561 557 2628 633.
580 2583 607 2622 a.
631 2568 665 2620 et
685 2563 738 2624 tv.
760 2585 791 2646 p.
819 2564 885 2644 ¹37·
909 2579 937 2621 e.

179 2662 260 2724 Cum
282 2661 320 2722 iis
342 2669 465 2738 autem,
489 2661 572 2743 quae
593 2661 750 2726 haetenus
773 2659 956 2742 disputavi,
978 2656 1060 2720 testi-

115 2759 268 2822 monium
295 2760 451 2844 anonymi
483 2757 571 2841 apud
599 2759 730 2824 Kuster.
758 2781 790 2841 p.
812 2759 896 2836 XII„
929 2757 1008 2824 lieet
1033 2753 1060 2818 id

116 2860 225 2920 minus
249 2857 384 2920 definite
406 2859 448 2918 sit
468 2857 707 2940 perscriptum,
730 2855 935 2940 aliquatenus
950 2865 1060 2919 ‘tamen

119 2981 305 3044 congruere
338 2957 474 3025 videbis.
517 2957 595 3019 Eius
625 2959 713 3030 enim
740 2957 822 3024 haec
853 2965 928 3018 sunt
948 2959 1059 3019 verba:

114 3052 329 3142 Ἐπίχαρμοςι
343 3051 474 3142 χρόνοις
486 3057 520 3122 δὲ
530 3059 635 3140 γέγονε
648 3057 729 3118 κατὰ
739 3056 798 3144 τῆν
809 3051 849 3137 oy'
860 3049 1062 3140 Ὀλυμπιάδα.

91 3201 96 3209 ·
119 3159 281 3222 Nimirum
310 3155 354 3233 is,
384 3177 458 3224 cum
478 3156 668 3239 Epicharmi
696 3163 834 3223 aetatem
863 3145 1061 3238 aliquatenus

120 3265 249 3319 tantum
271 3254 441 3338 designare
464 3255 577 3317 veliet:
592 3270 743 3332 annum,
767 3275 833 3342 quo
851 3253 995 3341 primum
1016 3251 1061 3312 iile

116 3379 214 3418 suam
245 3353 389 3420 fabulam
422 3353 576 3430 ediderit,
609 3364 760 3416 accurate
788 3350 976 3414 describere
1004 3369 1061 3412 non

125 3457 277 3534 debebat.
319 3456 430 3537 ltaque
451 3453 536 3520 huic*
551 3455 706 3540 anonymi
723 3452 915 3518 testimonio
934 3473 1002 3516 non
1019 3473 1062 3513 re-
