2210 3798
707 125 720 176 l
764 165 769 176 ,

52 320 201 396 tempore
222 209 596 396 Syracusanam
418 311 616 374 convenisse.
658 277 817 371 Nimirum
840 306 922 370 idm
941 306 1005 400 alia
1038 326 1043 330 ·

16 418 18 433 “
52 435 91 476 re
113 434 217 495 eaque
238 413 383 507 graviori
405 419 476 473 erat
496 412 646 494 positum.
688 398 903 492 Epicharmus
919 410 1007 470 enim
1026 419 1045 500 ,Α

52 513 249 598 Aeschylum
282 486 407 574 fahulas
444 511 619 572 docentem
651 531 718 570 non
752 509 833 570 vidit
862 519 1007 588 tantum,

53 637 168 676 verum
187 615 285 675 etiam
298 611 472 673 'dictiones
493 613 563 671 eius
581 611 707 693 aliquot
723 610 887 672 inusitatas
910 619 1008 693 atque
1096 611 1097 614 ’

57 713 243 776 orationem
278 712 411 772 nimium
442 697 594 774 inflatam
622 711 776 790 eadem,
796 733 860 794 qua
894 721 1010 794 postea

55 811 303 894 Aristophanes,
327 811 462 872 audacia
483 809 681 892 perstrinxit.
725 810 837 909 ltaque
855 819 891 870 ut
910 811 1008 873 huius

56 915 106 977 rei
126 913 325 995 exemplum,
357 910 456 994 quod·
468 911 555 975 forte
570 899 734 978 fasiana?
748 911 887 974 servavit
908 913 1009 976 schol.

56 1015 98 1076 ad
134 1013 248 1074 Aesch.
282 1012 425 1087 ¹Eumen.
464 1035 493 1073 v.
531 1013 621 1095 629„
664 1013 812 1074 afferam.
856 1016 1010 1075 voculam

57 1107 317 1195 qiualpotiptsror
343 1107 537 1194 Aeschylus,
571 1112 726 1193 quoniam
747 1111 809 1192 ipsi
838 1088 1026 1194 perplace:

57 1213 132 1290 hat,
166 1210 199 1270 in
232 1209 349 1270 fabulis
383 1209 447 1269 suis
478 1209 661 1291 saepissime
693 1211 871 1292 usurpavit.
924 1207 1014 1288 Qua&

58 1317 199 1394 propter
220 1308 313 1368 illum
333 1307 406 1368 risit
416 1304 640 1390 Epicharmus.
684 1309 730 1372 lta
742 1310 829 1370 enim
839 1308 1015 1370 scholiasta·

60 1409 109 1470 ad
115 1429 206 1470 ..vers
229 1406 314 1468 laud.
336 1401 613 1491 τιμαλφούμενον.
636 1407 767 1486 oursyec
782 1431 816 1470 ro
832 1429 932 1488 ονομα
947 1431 1013 1488 παρ

60 1505 250 1594 Αἰσχύλῳ,
246 1501 362 1570 δι’
343 1529 359 1567 o
392 1501 529 1569 σκώπτει
553 1501 652 1576 adada
681 1502 697 1570 ὁ
715 1499 923 1590 'Eurymenae
939 1503 1014 1570 Cf.
1071 1575 1074 1580 ,

62 1609 276 1671 Dahlmann.
281 1605 339 1667 de
362 1605 442 1690 orig.
470 1606 619 1668 comoed
649 1629 681 1703 p.
705 1625 752 1667 aa.
797 1609 891 1690 Ipsae
907 1589 1016 1669 autem

62 1703 289 1770 Eumenides
291 1729 339 1766 an
355 1707 417 1766 alia
438 1695 609 1788 quaepiam
631 1695 782 1791 Aeschyli
812 1708 924 1769 fabula
944 1708 1017 1768 fue·-

63 1809 122 1884 rit,
145 1805 184 1866 ad
205 1805 507 1886 quamludibrium
527 1805 612 1865 istud
633 1805 822 1888 Epicharmi
843 1808 1017 1889 pertinuit,-

66 1911 138 1966 non‘
156 1902 257 1966 flacile
285 1905 457 1988 quisquam
479 1897 700 1978 diiudicabita¹
714 1906 877 1988 siquidem
897 1891 1018 1970 rocula

63 2005 121 2066 illa
152 2003 278 2084 saepius
311 2003 365 2064 ab
380 1999 540 2090 Aeschylo
578 2014 730 2086 usurpata
759 2005 929 2087 pluribus·
949 2008 1019 2075 eius

64 2099 274 2188 tragoediis
264 2122 370 2184 inesse
392 2111 529 2186 poterat
572 2103 627 2162 At
624 2125 695 2185 qua
718 2103 850 2166 demum
871 2096 1017 2185 ratione,

59 2205 110 2265 ita
124 2225 170 2274 er
192 2223 243 2264 me
265 2203 387 2285 aliquis
403 2195 618 2286 quaesiverit,
640 2203 856 2283 Epicharmus
867 2206 1019 2291 Aeschyli

66 2303 249 2365 dictionem
279 2301 432 2362 deridere
454 2303 620 2385 poter-at?
646 2301 805 2392 Nimirum
831 2304 895 2363 suis
921 2304 1019 2386 ipsius
1065 2343 1074 2354 ι

66 2402 247 2465 comoediis
276 2401 457 2462 ludibrium
486 2400 645 2461 eiusmodi
678 2401 826 2488 inseruit.
869 2403 905 2464 Id
932 2405 1020 2466 enim
1096 2429 1097 2432 ¹

66 2523 143 2563 eum
165 2504 253 2562 inter
273 2501 358 2561 vitae
382 2499 544 2562 familiaris
567 2499 733 2580 colloquia
756 2521 823 2562 non
847 2501 974 2582 fecisse,
999 2525 1017 2565 e

66 2601 188 2662 verbis
201 2599 392 2662 scholiastae
416 2585 552 2660 caelaret
572 2621 589 2660 o
578 2591 752 2682 Eni'yupp
753 2619 800 2672 ιος
822 2599 978 2682 liquido
970 2625 1022 2662 m-

65 2689 237 2792 telligitur
280 2699 347 2759 Iam
364 2719 449 2760 vero
459 2697 671 2780 Epicharmus
694 2719 761 2758 non
784 2699 884 2761 modo
907 2685 1033 2763 eadem·

66 2803 292 2884 spectatorum
321 2819 464 2874 corona,
499 2819 563 2880 qua
589 2797 778 2881 tragoediae
803 2809 903 2882 poeta
934 2801 1022 2872 deri-

66 2900 217 2982 dendus,
233 2899 366 2959 fabulas
386 2897 544 2958 docebat:
576 2917 692 2958 verum
714 2901 818 2962 etiam
831 2909 865 2961 et
886 2917 1022 2964 scaenae

67 3011 103 3062 et
125 2999 254 3061 fabulae
276 2984 462 3078 rationibus
479 2997 523 3058 ad
535 2997 749 3082 Aeschylum,
771 2998 863 3062 cuius
884 3001 1023 3084 quidem
1096 2981 1097 2988 Ι

67 3099 216 3164 aemulus
241 3108 332 3176 erat,
361 3099 564 3180 aliquantum
590 3098 869 3180 appropinquasse
891 3101 1023 3164 debuit:

68 3195 147 3265 alias
168 3199 258 3261 enim
276 3199 462 3260 ludibrium
483 3197 567 3259 istud
591 3203 700 3280 neque
720 3199 833 3262 luisset
853 3199 1021 3283 idoneum,

8 3365 9 3368 ,
69 3321 200 3386 neque
207 3301 356 3362 omnino
364 3300 474 3360 locum
496 3297 618 3359 habere
641 3298 850 3398 potuisset·

133 3398 347 3490 Epicharmus
364 3398 468 3483 igitar
490 3395 599 3474 σιἰὤψ)
626 3397 680 3457 illa
702 3417 757 3456 sua
780 3405 899 3458 utrum
913 3399 1023 3484 singu,-

69 3500 118 3564 las
149 3499 252 3568 modo
278 3484 421 3584 yocalus
438 3507 480 3560 et
492 3493 668 3562 dictiones
684 3497 724 3558 als
746 3497 907 3584 Aeschylo
930 3520 1024 3566 usur·
1074 3531 1081 3538 ι
