<?xml version="1.0" encoding="UTF-8"?>
<!DOCTYPE html PUBLIC "-//W3C//DTD XHTML 1.0 Transitional//EN"
    "http://www.w3.org/TR/xhtml1/DTD/xhtml1-transitional.dtd">
<html xmlns="http://www.w3.org/1999/xhtml" xml:lang="en" lang="en">
 <head>
  <title>
</title>
<meta http-equiv="Content-Type" content="text/html;charset=utf-8" />
  <meta name='ocr-system' content='tesseract 3.04.00' />
  <meta name='ocr-capabilities' content='ocr_page ocr_carea ocr_par ocr_line ocrx_word'/>
</head>
<body>
  <div class='ocr_page' id='page_1' title='image "./dedoriensiumcom01grysgoog_0081.png"; bbox 0 0 2196 3794; ppageno 0'>
   <div class='ocr_carea' id='block_1_1' title="bbox 523 73 668 183">
    <p class='ocr_par' dir='ltr' id='par_1_1' title="bbox 523 73 668 183">
     <span class='ocr_line' id='line_1_1' title="bbox 523 73 668 183; baseline 0 -39"><span class='ocrx_word' id='word_1_1' title='bbox 523 73 668 183; x_wconf 41' lang='lat' dir='ltr'><strong>‚aa-</strong></span> 
     </span>
    </p>
   </div>
   <div class='ocr_carea' id='block_1_2' title="bbox 34 231 1073 3541">
    <p class='ocr_par' dir='ltr' id='par_1_2' title="bbox 34 231 1073 3541">
     <span class='ocr_line' id='line_1_2' title="bbox 117 231 1051 350; baseline 0.002 -27"><span class='ocrx_word' id='word_1_2' title='bbox 117 257 182 342; x_wconf 79' lang='grc' dir='ltr'><strong>μὸς</strong></span> <span class='ocrx_word' id='word_1_3' title='bbox 200 263 259 324; x_wconf 86' lang='grc' dir='ltr'><strong>και</strong></span> <span class='ocrx_word' id='word_1_4' title='bbox 282 262 382 345; x_wconf 73' lang='grc' dir='ltr'><em>γλαῦξ</em></span> <span class='ocrx_word' id='word_1_5' title='bbox 402 285 458 343; x_wconf 81' lang='grc' dir='ltr'><strong>και</strong></span> <span class='ocrx_word' id='word_1_6' title='bbox 453 263 573 346; x_wconf 74' lang='grc' dir='ltr'><strong><em>λ’έιιν,</em></strong></span> <span class='ocrx_word' id='word_1_7' title='bbox 592 261 743 350; x_wconf 70' lang='grc' dir='ltr'><strong><em>ἀλφίτων</em></strong></span> <span class='ocrx_word' id='word_1_8' title='bbox 770 287 804 328; x_wconf 79' lang='grc' dir='ltr'><strong>τι</strong></span> <span class='ocrx_word' id='word_1_9' title='bbox 830 231 977 345; x_wconf 76' lang='grc' dir='ltr'><strong>ἐκχύσεις</strong></span> <span class='ocrx_word' id='word_1_10' title='bbox 1001 287 1051 326; x_wconf 84' lang='grc' dir='ltr'><strong>και</strong></span> 
     </span>
     <span class='ocr_line' id='line_1_3' title="bbox 108 354 1054 447; baseline -0.001 -25"><span class='ocrx_word' id='word_1_11' title='bbox 108 361 223 444; x_wconf 55' lang='grc' dir='ltr'><strong><em>,χριῶιι</em></strong></span> <span class='ocrx_word' id='word_1_12' title='bbox 243 354 389 446; x_wconf 82' lang='grc' dir='ltr'><strong><em>αποιιιιιιῆ</em></strong></span> <span class='ocrx_word' id='word_1_13' title='bbox 412 387 467 426; x_wconf 87' lang='grc' dir='ltr'><strong>και</strong></span> <span class='ocrx_word' id='word_1_14' title='bbox 489 371 615 444; x_wconf 77' lang='grc' dir='ltr'><strong><em>ςοιχιΐα</em></strong></span> <span class='ocrx_word' id='word_1_15' title='bbox 638 388 692 426; x_wconf 88' lang='grc' dir='ltr'><strong><em>κιιι</em></strong></span> <span class='ocrx_word' id='word_1_16' title='bbox 708 355 868 447; x_wconf 70' lang='grc' dir='ltr'><strong><em>πυᾷῥίχη.</em></strong></span> <span class='ocrx_word' id='word_1_17' title='bbox 888 389 944 442; x_wconf 68' lang='grc' dir='ltr'><strong>μιτ</strong></span> <span class='ocrx_word' id='word_1_18' title='bbox 942 355 1054 424; x_wconf 76' lang='grc' dir='ltr'><strong><em>ἰιιῗλῶν</em></strong></span> 
     </span>
     <span class='ocr_line' id='line_1_4' title="bbox 91 455 1052 546; baseline -0.005 -22"><span class='ocrx_word' id='word_1_19' title='bbox 91 539 93 546; x_wconf 53' lang='lat'><strong>.</strong></span> <span class='ocrx_word' id='word_1_20' title='bbox 118 455 199 524; x_wconf 78' lang='grc' dir='ltr'><strong>δὲ</strong></span> <span class='ocrx_word' id='word_1_21' title='bbox 173 463 337 546; x_wconf 81' lang='grc' dir='ltr'><strong><em>ωρχοῢκτο</em></strong></span> <span class='ocrx_word' id='word_1_22' title='bbox 356 462 415 544; x_wconf 70' lang='grc' dir='ltr'><strong>τὴν</strong></span> <span class='ocrx_word' id='word_1_23' title='bbox 441 463 510 526; x_wconf 75' lang='grc' dir='ltr'><strong>τοῦ</strong></span> <span class='ocrx_word' id='word_1_24' title='bbox 529 465 678 535; x_wconf 67' lang='lat' dir='ltr'><strong>astruenti</strong></span> <span class='ocrx_word' id='word_1_25' title='bbox 707 487 761 525; x_wconf 86' lang='grc' dir='ltr'><strong>και</strong></span> <span class='ocrx_word' id='word_1_26' title='bbox 783 457 842 546; x_wconf 71' lang='grc' dir='ltr'><strong>τῆν</strong></span> <span class='ocrx_word' id='word_1_27' title='bbox 868 464 1052 542; x_wconf 68' lang='grc' dir='ltr'><strong><em>καλουμένην</em></strong></span> 
     </span>
     <span class='ocr_line' id='line_1_5' title="bbox 117 559 1054 636; baseline 0 -16"><span class='ocrx_word' id='word_1_28' title='bbox 117 559 280 632; x_wconf 62' lang='lat' dir='ltr'><strong>darumbe.</strong></span> <span class='ocrx_word' id='word_1_29' title='bbox 322 564 398 636; x_wconf 84' lang='lat' dir='ltr'><strong>Quo</strong></span> <span class='ocrx_word' id='word_1_30' title='bbox 422 571 491 622; x_wconf 93' lang='lat' dir='ltr'><strong>toto</strong></span> <span class='ocrx_word' id='word_1_31' title='bbox 514 563 590 627; x_wconf 91' lang='lat' dir='ltr'><strong>loco</strong></span> <span class='ocrx_word' id='word_1_32' title='bbox 617 563 824 624; x_wconf 80' lang='lat' dir='ltr'><strong>Athenaeum</strong></span> <span class='ocrx_word' id='word_1_33' title='bbox 853 564 1054 624; x_wconf 86' lang='lat' dir='ltr'><strong>sermocinari</strong></span> 
     </span>
     <span class='ocr_line' id='line_1_6' title="bbox 118 659 1055 745; baseline -0.002 -23"><span class='ocrx_word' id='word_1_34' title='bbox 118 661 158 722; x_wconf 84' lang='lat' dir='ltr'><strong>de</strong></span> <span class='ocrx_word' id='word_1_35' title='bbox 170 659 422 744; x_wconf 81' lang='lat' dir='ltr'><strong>Syracosiorum</strong></span> <span class='ocrx_word' id='word_1_36' title='bbox 442 663 669 726; x_wconf 75' lang='lat' dir='ltr'><strong>saltationibus</strong></span> <span class='ocrx_word' id='word_1_37' title='bbox 691 664 726 722; x_wconf 91' lang='lat' dir='ltr'><strong>ni</strong></span> <span class='ocrx_word' id='word_1_38' title='bbox 749 664 817 745; x_wconf 86' lang='lat' dir='ltr'><strong>ipse</strong></span> <span class='ocrx_word' id='word_1_39' title='bbox 833 663 1055 724; x_wconf 78' lang='lat' dir='ltr'><strong>sententiarum</strong></span> 
     </span>
     <span class='ocr_line' id='line_1_7' title="bbox 119 761 1052 876; baseline -0.003 -54"><span class='ocrx_word' id='word_1_40' title='bbox 119 783 217 823; x_wconf 82' lang='lat' dir='ltr'><strong>nexus</strong></span> <span class='ocrx_word' id='word_1_41' title='bbox 247 761 477 844; x_wconf 88' lang='lat' dir='ltr'><strong>persuaderet.</strong></span> <span class='ocrx_word' id='word_1_42' title='bbox 511 763 590 827; x_wconf 85' lang='lat' dir='ltr'><strong>inde</strong></span> <span class='ocrx_word' id='word_1_43' title='bbox 618 785 752 876; x_wconf 77' lang='lat' dir='ltr'><strong>quoque</strong></span> <span class='ocrx_word' id='word_1_44' title='bbox 787 764 907 824; x_wconf 80' lang='lat' dir='ltr'><strong>confici</strong></span> <span class='ocrx_word' id='word_1_45' title='bbox 937 769 1052 844; x_wconf 84' lang='lat' dir='ltr'><strong>posset,</strong></span> 
     </span>
     <span class='ocr_line' id='line_1_8' title="bbox 116 851 1054 945; baseline -0.001 -26"><span class='ocrx_word' id='word_1_46' title='bbox 116 860 206 942; x_wconf 87' lang='lat' dir='ltr'><strong>quod</strong></span> <span class='ocrx_word' id='word_1_47' title='bbox 228 869 362 942; x_wconf 84' lang='lat' dir='ltr'><strong>praeter</strong></span> <span class='ocrx_word' id='word_1_48' title='bbox 382 861 487 939; x_wconf 86' lang='lat' dir='ltr'><strong>illam,</strong></span> <span class='ocrx_word' id='word_1_49' title='bbox 517 863 747 945; x_wconf 87' lang='lat' dir='ltr'><strong>quamprimo</strong></span> <span class='ocrx_word' id='word_1_50' title='bbox 771 851 845 923; x_wconf 82' lang='lat' dir='ltr'><strong>loco</strong></span> <span class='ocrx_word' id='word_1_51' title='bbox 868 862 1038 923; x_wconf 86' lang='lat' dir='ltr'><strong>allatam</strong></span> <span class='ocrx_word' id='word_1_52' title='bbox 1010 883 1054 918; x_wconf 86' lang='grc' dir='ltr'><strong><em>ιιι-</em></strong></span> 
     </span>
     <span class='ocr_line' id='line_1_9' title="bbox 60 958 1052 1044; baseline -0.002 -24"><span class='ocrx_word' id='word_1_53' title='bbox 60 958 64 966; x_wconf 86' lang='grc'><strong>’</strong></span> <span class='ocrx_word' id='word_1_54' title='bbox 115 960 247 1037; x_wconf 77' lang='lat' dir='ltr'><strong>demus,</strong></span> <span class='ocrx_word' id='word_1_55' title='bbox 277 961 403 1022; x_wconf 89' lang='lat' dir='ltr'><strong>Dianae</strong></span> <span class='ocrx_word' id='word_1_56' title='bbox 425 961 649 1042; x_wconf 80' lang='lat' dir='ltr'><strong>saltationem,</strong></span> <span class='ocrx_word' id='word_1_57' title='bbox 679 963 761 1022; x_wconf 89' lang='lat' dir='ltr'><strong>aliae</strong></span> <span class='ocrx_word' id='word_1_58' title='bbox 785 983 918 1044; x_wconf 89' lang='lat' dir='ltr'><strong>qnoque</strong></span> <span class='ocrx_word' id='word_1_59' title='bbox 939 961 983 1022; x_wconf 87' lang='lat' dir='ltr'><strong>uti</strong></span> <span class='ocrx_word' id='word_1_60' title='bbox 1002 960 1052 1019; x_wconf 86' lang='lat' dir='ltr'><strong>Jo-</strong></span> 
     </span>
     <span class='ocr_line' id='line_1_10' title="bbox 116 1059 1054 1143; baseline -0.004 -21"><span class='ocrx_word' id='word_1_61' title='bbox 116 1062 189 1122; x_wconf 89' lang='lat' dir='ltr'><strong>nica</strong></span> <span class='ocrx_word' id='word_1_62' title='bbox 210 1083 229 1122; x_wconf 91' lang='lat' dir='ltr'><strong>a</strong></span> <span class='ocrx_word' id='word_1_63' title='bbox 245 1059 379 1124; x_wconf 84' lang='lat' dir='ltr'>Polluce</span> <span class='ocrx_word' id='word_1_64' title='bbox 401 1061 515 1143; x_wconf 77' lang='lat' dir='ltr'><strong>lv.14.</strong></span> <span class='ocrx_word' id='word_1_65' title='bbox 534 1065 565 1141; x_wconf 85' lang='lat'><strong>4.</strong></span> <span class='ocrx_word' id='word_1_66' title='bbox 587 1062 629 1124; x_wconf 92' lang='lat' dir='ltr'><strong>ad</strong></span> <span class='ocrx_word' id='word_1_67' title='bbox 650 1060 836 1124; x_wconf 83' lang='lat' dir='ltr'><strong>Sicularum</strong></span> <span class='ocrx_word' id='word_1_68' title='bbox 857 1062 1054 1123; x_wconf 79' lang='lat' dir='ltr'><strong>saltationum</strong></span> 
     </span>
     <span class='ocr_line' id='line_1_11' title="bbox 114 1159 1053 1240; baseline -0.003 -20"><span class='ocrx_word' id='word_1_69' title='bbox 114 1181 249 1222; x_wconf 89' lang='lat' dir='ltr'><strong>censum</strong></span> <span class='ocrx_word' id='word_1_70' title='bbox 270 1169 479 1222; x_wconf 78' lang='lat' dir='ltr'><strong>revocantur.</strong></span> <span class='ocrx_word' id='word_1_71' title='bbox 516 1163 673 1240; x_wconf 50' lang='lat' dir='ltr'><strong>‘Quarum</strong></span> <span class='ocrx_word' id='word_1_72' title='bbox 694 1159 776 1224; x_wconf 89' lang='lat' dir='ltr'><strong>aliae</strong></span> <span class='ocrx_word' id='word_1_73' title='bbox 793 1171 830 1222; x_wconf 92' lang='lat' dir='ltr'><strong>ut</strong></span> <span class='ocrx_word' id='word_1_74' title='bbox 846 1160 887 1223; x_wconf 85' lang='lat' dir='ltr'><strong>ad</strong></span> <span class='ocrx_word' id='word_1_75' title='bbox 909 1161 984 1223; x_wconf 86' lang='lat' dir='ltr'><strong>deos</strong></span> <span class='ocrx_word' id='word_1_76' title='bbox 1003 1181 1053 1219; x_wconf 86' lang='lat' dir='ltr'><strong>cn-</strong></span> 
     </span>
     <span class='ocr_line' id='line_1_12' title="bbox 116 1258 1053 1346; baseline -0.003 -25"><span class='ocrx_word' id='word_1_77' title='bbox 116 1261 235 1322; x_wconf 45' lang='lat' dir='ltr'><strong>lendos&#39;</strong></span> <span class='ocrx_word' id='word_1_78' title='bbox 263 1271 359 1322; x_wconf 87' lang='lat' dir='ltr'><strong>erant</strong></span> <span class='ocrx_word' id='word_1_79' title='bbox 388 1258 569 1339; x_wconf 85' lang='lat' dir='ltr'><strong>institutae,</strong></span> <span class='ocrx_word' id='word_1_80' title='bbox 600 1258 704 1346; x_wconf 88' lang='lat' dir='ltr'><strong>qualis</strong></span> <span class='ocrx_word' id='word_1_81' title='bbox 734 1266 805 1324; x_wconf 83' lang='lat' dir='ltr'><strong>erat</strong></span> <span class='ocrx_word' id='word_1_82' title='bbox 835 1279 919 1346; x_wconf 81' lang='lat' dir='ltr'><strong>quae</strong></span> <span class='ocrx_word' id='word_1_83' title='bbox 940 1261 1053 1322; x_wconf 87' lang='lat' dir='ltr'><strong>Dianae</strong></span> 
     </span>
     <span class='ocr_line' id='line_1_13' title="bbox 113 1359 1073 1444; baseline 0.002 -22"><span class='ocrx_word' id='word_1_84' title='bbox 113 1361 294 1422; x_wconf 87' lang='lat' dir='ltr'><strong>Cbitoneae</strong></span> <span class='ocrx_word' id='word_1_85' title='bbox 315 1361 452 1444; x_wconf 85' lang='lat' dir='ltr'><strong>propria</strong></span> <span class='ocrx_word' id='word_1_86' title='bbox 474 1359 661 1422; x_wconf 69' lang='lat' dir='ltr'><strong>dicebatum</strong></span> <span class='ocrx_word' id='word_1_87' title='bbox 694 1361 740 1423; x_wconf 88' lang='lat' dir='ltr'><strong>ita</strong></span> <span class='ocrx_word' id='word_1_88' title='bbox 761 1361 843 1423; x_wconf 86' lang='lat' dir='ltr'><strong>aliae</strong></span> <span class='ocrx_word' id='word_1_89' title='bbox 866 1360 1073 1424; x_wconf 79' lang='lat' dir='ltr'><strong>iocularibusl</strong></span> 
     </span>
     <span class='ocr_line' id='line_1_14' title="bbox 113 1458 1053 1543; baseline -0.003 -22"><span class='ocrx_word' id='word_1_90' title='bbox 113 1460 256 1522; x_wconf 87' lang='lat' dir='ltr'><strong>motibus</strong></span> <span class='ocrx_word' id='word_1_91' title='bbox 278 1469 376 1543; x_wconf 83' lang='lat' dir='ltr'><strong>atque</strong></span> <span class='ocrx_word' id='word_1_92' title='bbox 399 1458 527 1521; x_wconf 84' lang='lat' dir='ltr'><strong>lascivis</strong></span> <span class='ocrx_word' id='word_1_93' title='bbox 556 1459 598 1522; x_wconf 85' lang='lat' dir='ltr'><strong>ad</strong></span> <span class='ocrx_word' id='word_1_94' title='bbox 619 1469 842 1543; x_wconf 84' lang='lat' dir='ltr'><strong>spectatorum</strong></span> <span class='ocrx_word' id='word_1_95' title='bbox 864 1461 987 1520; x_wconf 82' lang='lat' dir='ltr'><strong>animos</strong></span> <span class='ocrx_word' id='word_1_96' title='bbox 1008 1479 1053 1519; x_wconf 82' lang='lat' dir='ltr'><strong>ex-</strong></span> 
     </span>
     <span class='ocr_line' id='line_1_15' title="bbox 113 1557 1051 1642; baseline -0.007 -20"><span class='ocrx_word' id='word_1_97' title='bbox 113 1559 301 1622; x_wconf 86' lang='lat' dir='ltr'><strong>hilarandos</strong></span> <span class='ocrx_word' id='word_1_98' title='bbox 323 1559 497 1620; x_wconf 83' lang='lat' dir='ltr'><strong>faciebant.</strong></span> <span class='ocrx_word' id='word_1_99' title='bbox 541 1558 607 1620; x_wconf 86' lang='lat' dir='ltr'><strong>Sed</strong></span> <span class='ocrx_word' id='word_1_100' title='bbox 627 1557 784 1642; x_wconf 86' lang='lat' dir='ltr'><strong>plurimas</strong></span> <span class='ocrx_word' id='word_1_101' title='bbox 807 1579 920 1622; x_wconf 86' lang='lat' dir='ltr'><strong>aarum</strong></span> <span class='ocrx_word' id='word_1_102' title='bbox 941 1557 980 1619; x_wconf 88' lang='lat' dir='ltr'><strong>ad</strong></span> <span class='ocrx_word' id='word_1_103' title='bbox 999 1557 1051 1618; x_wconf 90' lang='lat' dir='ltr'><strong>mi-</strong></span> 
     </span>
     <span class='ocr_line' id='line_1_16' title="bbox 112 1657 1052 1741; baseline -0.003 -23"><span class='ocrx_word' id='word_1_104' title='bbox 112 1676 181 1718; x_wconf 88' lang='lat' dir='ltr'><strong>mos</strong></span> <span class='ocrx_word' id='word_1_105' title='bbox 212 1657 381 1718; x_wconf 86' lang='lat' dir='ltr'><strong>accessisse</strong></span> <span class='ocrx_word' id='word_1_106' title='bbox 411 1658 481 1741; x_wconf 87' lang='lat' dir='ltr'><strong>ipsa</strong></span> <span class='ocrx_word' id='word_1_107' title='bbox 508 1659 659 1741; x_wconf 89' lang='lat' dir='ltr'><strong>produnt</strong></span> <span class='ocrx_word' id='word_1_108' title='bbox 684 1666 828 1722; x_wconf 82' lang='lat' dir='ltr'><strong>uomina.</strong></span> <span class='ocrx_word' id='word_1_109' title='bbox 879 1661 969 1737; x_wconf 85' lang='lat' dir='ltr'><strong>Quae</strong></span> <span class='ocrx_word' id='word_1_110' title='bbox 996 1658 1052 1718; x_wconf 87' lang='lat' dir='ltr'><strong>buc</strong></span> 
     </span>
     <span class='ocr_line' id='line_1_17' title="bbox 110 1751 1049 1841; baseline -0.005 -24"><span class='ocrx_word' id='word_1_111' title='bbox 110 1759 271 1840; x_wconf 84' lang='lat' dir='ltr'><strong>pertinet,</strong></span> <span class='ocrx_word' id='word_1_112' title='bbox 294 1751 475 1817; x_wconf 89' lang='lat' dir='ltr'><strong>saltatio&#39;</strong></span> <span class='ocrx_word' id='word_1_113' title='bbox 440 1778 563 1836; x_wconf 83' lang='grc' dir='ltr'><strong><em>κισμοιι</em></strong></span> <span class='ocrx_word' id='word_1_114' title='bbox 586 1752 783 1841; x_wconf 74' lang='grc' dir='ltr'><strong><em>ἐκπύρωσις,</em></strong></span> <span class='ocrx_word' id='word_1_115' title='bbox 806 1757 876 1818; x_wconf 90' lang='lat' dir='ltr'><strong>eins</strong></span> <span class='ocrx_word' id='word_1_116' title='bbox 892 1776 1049 1841; x_wconf 83' lang='lat' dir='ltr'><strong>argumen-</strong></span> 
     </span>
     <span class='ocr_line' id='line_1_18' title="bbox 70 1855 1049 1952; baseline -0.004 -36"><span class='ocrx_word' id='word_1_117' title='bbox 70 1855 73 1863; x_wconf 64' lang='lat'>‘</span> <span class='ocrx_word' id='word_1_118' title='bbox 109 1865 179 1916; x_wconf 88' lang='lat' dir='ltr'><strong>tum</strong></span> <span class='ocrx_word' id='word_1_119' title='bbox 202 1855 312 1952; x_wconf 90' lang='lat' dir='ltr'><strong>quale</strong></span> <span class='ocrx_word' id='word_1_120' title='bbox 311 1855 427 1933; x_wconf 83' lang='lat' dir='ltr'><strong>fuerit</strong></span> <span class='ocrx_word' id='word_1_121' title='bbox 450 1857 648 1920; x_wconf 80' lang='lat' dir='ltr'><strong>coniecturis</strong></span> <span class='ocrx_word' id='word_1_122' title='bbox 661 1862 787 1918; x_wconf 88' lang='lat' dir='ltr'><strong>tantum</strong></span> <span class='ocrx_word' id='word_1_123' title='bbox 805 1856 925 1940; x_wconf 74' lang='lat' dir='ltr'><strong>aliquis</strong></span> <span class='ocrx_word' id='word_1_124' title='bbox 937 1874 1049 1937; x_wconf 77' lang='lat' dir='ltr'><strong>assequi</strong></span> 
     </span>
     <span class='ocr_line' id='line_1_19' title="bbox 88 1951 1047 2039; baseline -0.005 -23"><span class='ocrx_word' id='word_1_125' title='bbox 88 1953 222 2039; x_wconf 69' lang='lat' dir='ltr'><strong>&#39;possit</strong></span> <span class='ocrx_word' id='word_1_126' title='bbox 265 1955 421 2034; x_wconf 81' lang='lat' dir='ltr'><strong>Actiones</strong></span> <span class='ocrx_word' id='word_1_127' title='bbox 443 1965 553 2016; x_wconf 88' lang='lat' dir='ltr'><strong>autem</strong></span> <span class='ocrx_word' id='word_1_128' title='bbox 582 1978 618 2018; x_wconf 83' lang='lat' dir='ltr'><strong>ex</strong></span> <span class='ocrx_word' id='word_1_129' title='bbox 644 1955 817 2032; x_wconf 81' lang='lat' dir='ltr'><strong>bominum</strong></span> <span class='ocrx_word' id='word_1_130' title='bbox 846 1957 914 2016; x_wconf 85' lang='lat' dir='ltr'><strong>vita</strong></span> <span class='ocrx_word' id='word_1_131' title='bbox 941 1951 1047 2038; x_wconf 86' lang='lat' dir='ltr'><strong>petitae</strong></span> 
     </span>
     <span class='ocr_line' id='line_1_20' title="bbox 111 2049 1047 2141; baseline -0.004 -24"><span class='ocrx_word' id='word_1_132' title='bbox 111 2077 261 2141; x_wconf 88' lang='lat' dir='ltr'><strong>eaeque</strong></span> <span class='ocrx_word' id='word_1_133' title='bbox 258 2058 395 2116; x_wconf 81' lang='lat' dir='ltr'><strong>maxime</strong></span> <span class='ocrx_word' id='word_1_134' title='bbox 418 2053 585 2115; x_wconf 86' lang='lat' dir='ltr'><strong>ioculares</strong></span> <span class='ocrx_word' id='word_1_135' title='bbox 593 2051 779 2118; x_wconf 85' lang='lat' dir='ltr'><strong>edebantur</strong></span> <span class='ocrx_word' id='word_1_136' title='bbox 795 2054 901 2122; x_wconf 87' lang='lat' dir='ltr'><strong>mimis</strong></span> <span class='ocrx_word' id='word_1_137' title='bbox 914 2054 986 2132; x_wconf 89' lang='lat' dir='ltr'><strong>illis,</strong></span> <span class='ocrx_word' id='word_1_138' title='bbox 1004 2049 1047 2134; x_wconf 83' lang='lat' dir='ltr'><strong>qni</strong></span> 
     </span>
     <span class='ocr_line' id='line_1_21' title="bbox 112 2135 1045 2238; baseline -0.005 -22"><span class='ocrx_word' id='word_1_139' title='bbox 112 2149 277 2238; x_wconf 76' lang='grc' dir='ltr'><strong><em>αγγιλικῆ,</em></strong></span> <span class='ocrx_word' id='word_1_140' title='bbox 299 2147 475 2238; x_wconf 51' lang='lat' dir='ltr'><strong>abactas</strong></span> <span class='ocrx_word' id='word_1_141' title='bbox 459 2135 616 2234; x_wconf 60' lang='lat' dir='ltr'><strong>anxiose,</strong></span> <span class='ocrx_word' id='word_1_142' title='bbox 637 2154 743 2238; x_wconf 69' lang='grc' dir='ltr'><strong><em>χρεῶν</em></strong></span> <span class='ocrx_word' id='word_1_143' title='bbox 764 2145 934 2236; x_wconf 77' lang='grc' dir='ltr'><strong><em>ιιποκοιιῆ,</em></strong></span> <span class='ocrx_word' id='word_1_144' title='bbox 964 2151 1045 2234; x_wconf 74' lang='grc' dir='ltr'><strong><em>σοβιὶς</em></strong></span> 
     </span>
     <span class='ocr_line' id='line_1_22' title="bbox 113 2237 1071 2338; baseline -0.005 -23"><span class='ocrx_word' id='word_1_145' title='bbox 113 2255 315 2316; x_wconf 86' lang='lat' dir='ltr'><strong>dicebantur</strong></span> <span class='ocrx_word' id='word_1_146' title='bbox 357 2257 464 2338; x_wconf 86' lang='lat' dir='ltr'><strong>Atque</strong></span> <span class='ocrx_word' id='word_1_147' title='bbox 488 2245 659 2336; x_wconf 72' lang='grc' dir='ltr'><strong><em>ἄγγελικῆν</em></strong></span> <span class='ocrx_word' id='word_1_148' title='bbox 676 2253 792 2314; x_wconf 85' lang='lat' dir='ltr'><strong>Pollux</strong></span> <span class='ocrx_word' id='word_1_149' title='bbox 813 2253 865 2314; x_wconf 90' lang='lat' dir='ltr'><strong>1V.</strong></span> <span class='ocrx_word' id='word_1_150' title='bbox 894 2256 939 2332; x_wconf 85' lang='lat'><strong>14.</strong></span> <span class='ocrx_word' id='word_1_151' title='bbox 960 2257 990 2333; x_wconf 90' lang='lat'><strong>4.</strong></span> <span class='ocrx_word' id='word_1_152' title='bbox 1018 2237 1071 2310; x_wconf 79' lang='lat' dir='ltr'><strong>iu</strong></span> 
     </span>
     <span class='ocr_line' id='line_1_23' title="bbox 112 2347 1041 2435; baseline -0.009 -22"><span class='ocrx_word' id='word_1_153' title='bbox 112 2353 306 2435; x_wconf 74' lang='lat' dir='ltr'><strong>designavit,</strong></span> <span class='ocrx_word' id='word_1_154' title='bbox 338 2361 375 2412; x_wconf 92' lang='lat' dir='ltr'><strong>ut</strong></span> <span class='ocrx_word' id='word_1_155' title='bbox 407 2353 516 2413; x_wconf 89' lang='lat' dir='ltr'><strong>nuntii</strong></span> <span class='ocrx_word' id='word_1_156' title='bbox 547 2347 703 2435; x_wconf 81' lang='grc' dir='ltr'><em>σχήματα</em></span> <span class='ocrx_word' id='word_1_157' title='bbox 736 2351 966 2415; x_wconf 69' lang='lat' dir='ltr'><strong>itlacxhibita</strong></span> <span class='ocrx_word' id='word_1_158' title='bbox 994 2365 1041 2412; x_wconf 81' lang='lat' dir='ltr'><strong>esst</strong></span> 
     </span>
     <span class='ocr_line' id='line_1_24' title="bbox 111 2449 1044 2536; baseline -0.001 -23"><span class='ocrx_word' id='word_1_159' title='bbox 111 2453 245 2514; x_wconf 85' lang='lat' dir='ltr'><strong>diecret.</strong></span> <span class='ocrx_word' id='word_1_160' title='bbox 294 2453 399 2530; x_wconf 87' lang='lat' dir='ltr'><strong>Quale</strong></span> <span class='ocrx_word' id='word_1_161' title='bbox 432 2452 542 2524; x_wconf 85' lang='lat' dir='ltr'><strong>nuntii</strong></span> <span class='ocrx_word' id='word_1_162' title='bbox 573 2460 803 2536; x_wconf 85' lang='lat' dir='ltr'><strong>argumentum</strong></span> <span class='ocrx_word' id='word_1_163' title='bbox 833 2452 994 2536; x_wconf 84' lang='lat' dir='ltr'><strong>imprimis</strong></span> <span class='ocrx_word' id='word_1_164' title='bbox 1023 2449 1044 2506; x_wconf 76' lang='lat' dir='ltr'><strong>it</strong></span> 
     </span>
     <span class='ocr_line' id='line_1_25' title="bbox 111 2551 1044 2635; baseline -0.004 -23"><span class='ocrx_word' id='word_1_165' title='bbox 111 2551 282 2612; x_wconf 87' lang='lat' dir='ltr'><strong>bominum</strong></span> <span class='ocrx_word' id='word_1_166' title='bbox 313 2551 439 2613; x_wconf 87' lang='lat' dir='ltr'><strong>deliciis</strong></span> <span class='ocrx_word' id='word_1_167' title='bbox 465 2552 580 2628; x_wconf 87' lang='lat' dir='ltr'><strong>fuisse,</strong></span> <span class='ocrx_word' id='word_1_168' title='bbox 614 2573 652 2613; x_wconf 80' lang='lat' dir='ltr'><strong>ex</strong></span> <span class='ocrx_word' id='word_1_169' title='bbox 682 2572 724 2614; x_wconf 86' lang='lat' dir='ltr'><strong>eo</strong></span> <span class='ocrx_word' id='word_1_170' title='bbox 754 2551 873 2634; x_wconf 90' lang='lat' dir='ltr'><strong>aliquis</strong></span> <span class='ocrx_word' id='word_1_171' title='bbox 905 2553 1044 2635; x_wconf 81' lang='lat' dir='ltr'><strong>colligere</strong></span> 
     </span>
     <span class='ocr_line' id='line_1_26' title="bbox 34 2643 1045 2736; baseline 0.003 -23"><span class='ocrx_word' id='word_1_172' title='bbox 34 2733 36 2736; x_wconf 22' lang='grc' dir='ltr'>Ι</span> <span class='ocrx_word' id='word_1_173' title='bbox 109 2647 226 2735; x_wconf 81' lang='lat' dir='ltr'><strong>queat,</strong></span> <span class='ocrx_word' id='word_1_174' title='bbox 266 2651 356 2733; x_wconf 88' lang='lat' dir='ltr'><strong>quod</strong></span> <span class='ocrx_word' id='word_1_175' title='bbox 387 2659 501 2734; x_wconf 88' lang='lat' dir='ltr'><strong>postea</strong></span> <span class='ocrx_word' id='word_1_176' title='bbox 531 2650 686 2735; x_wconf 87' lang='lat' dir='ltr'><strong>Sophron</strong></span> <span class='ocrx_word' id='word_1_177' title='bbox 720 2653 856 2713; x_wconf 88' lang='lat' dir='ltr'><strong>mimum</strong></span> <span class='ocrx_word' id='word_1_178' title='bbox 888 2647 906 2714; x_wconf 81' lang='grc' dir='ltr'><em>ὅ</em></span> <span class='ocrx_word' id='word_1_179' title='bbox 935 2643 1045 2734; x_wconf 68' lang='grc' dir='ltr'><strong><em>ἄγγελοι</em></strong></span> 
     </span>
     <span class='ocr_line' id='line_1_27' title="bbox 109 2748 1043 2835; baseline -0.003 -23"><span class='ocrx_word' id='word_1_180' title='bbox 109 2751 312 2834; x_wconf 80' lang='lat' dir='ltr'><strong>conscripsit.</strong></span> <span class='ocrx_word' id='word_1_181' title='bbox 355 2751 403 2811; x_wconf 86' lang='lat' dir='ltr'><strong>cf.</strong></span> <span class='ocrx_word' id='word_1_182' title='bbox 425 2748 527 2812; x_wconf 85' lang='lat' dir='ltr'><strong>sc&#39;hol.</strong></span> <span class='ocrx_word' id='word_1_183' title='bbox 551 2753 705 2812; x_wconf 86' lang='lat' dir='ltr'><strong>German.</strong></span> <span class='ocrx_word' id='word_1_184' title='bbox 732 2752 799 2829; x_wconf 78' lang='lat'><strong>124.</strong></span> <span class='ocrx_word' id='word_1_185' title='bbox 840 2750 941 2835; x_wconf 81' lang='lat' dir='ltr'><strong>Magis</strong></span> <span class='ocrx_word' id='word_1_186' title='bbox 962 2750 1043 2812; x_wconf 81' lang='lat' dir='ltr'><strong>etiam</strong></span> 
     </span>
     <span class='ocr_line' id='line_1_28' title="bbox 108 2850 1045 2936; baseline -0.004 -24"><span class='ocrx_word' id='word_1_187' title='bbox 108 2852 148 2912; x_wconf 86' lang='lat' dir='ltr'><strong>ad</strong></span> <span class='ocrx_word' id='word_1_188' title='bbox 170 2853 272 2912; x_wconf 87' lang='lat' dir='ltr'><strong>risum</strong></span> <span class='ocrx_word' id='word_1_189' title='bbox 295 2850 492 2933; x_wconf 86' lang='lat' dir='ltr'><strong>captandum</strong></span> <span class='ocrx_word' id='word_1_190' title='bbox 514 2859 702 2934; x_wconf 83' lang='lat' dir='ltr'><strong>comparata</strong></span> <span class='ocrx_word' id='word_1_191' title='bbox 720 2859 753 2914; x_wconf 92' lang='lat' dir='ltr'><strong>et</strong></span> <span class='ocrx_word' id='word_1_192' title='bbox 766 2851 898 2912; x_wconf 86' lang='lat' dir='ltr'><strong>lascivia</strong></span> <span class='ocrx_word' id='word_1_193' title='bbox 921 2850 1045 2936; x_wconf 84' lang='lat' dir='ltr'><strong>quadam</strong></span> 
     </span>
     <span class='ocr_line' id='line_1_29' title="bbox 108 2943 1042 3036; baseline -0.004 -26"><span class='ocrx_word' id='word_1_194' title='bbox 108 2949 241 3036; x_wconf 83' lang='lat' dir='ltr'><strong>insignis</strong></span> <span class='ocrx_word' id='word_1_195' title='bbox 264 2971 342 3020; x_wconf 84' lang='lat' dir='ltr'><strong>esse</strong></span> <span class='ocrx_word' id='word_1_196' title='bbox 357 2949 498 3012; x_wconf 87' lang='lat' dir='ltr'><strong>debebat</strong></span> <span class='ocrx_word' id='word_1_197' title='bbox 519 2950 620 3030; x_wconf 81' lang='grc' dir='ltr'><strong><em>σοβάς</em></strong></span> <span class='ocrx_word' id='word_1_198' title='bbox 641 2949 784 3026; x_wconf 87' lang='lat' dir='ltr'><strong>saltatio,</strong></span> <span class='ocrx_word' id='word_1_199' title='bbox 808 2972 872 3032; x_wconf 87' lang='lat' dir='ltr'><strong>qna</strong></span> <span class='ocrx_word' id='word_1_200' title='bbox 886 2943 1042 3034; x_wconf 75' lang='lat' dir='ltr'><strong>grassantis</strong></span> 
     </span>
     <span class='ocr_line' id='line_1_30' title="bbox 108 3049 1042 3134; baseline -0.005 -22"><span class='ocrx_word' id='word_1_201' title='bbox 108 3052 291 3134; x_wconf 83' lang='lat' dir='ltr'><strong>meretricis</strong></span> <span class='ocrx_word' id='word_1_202' title='bbox 323 3057 444 3126; x_wconf 89' lang='lat' dir='ltr'><strong>motus,</strong></span> <span class='ocrx_word' id='word_1_203' title='bbox 476 3049 672 3126; x_wconf 87' lang='lat' dir='ltr'><strong>blanditiae,</strong></span> <span class='ocrx_word' id='word_1_204' title='bbox 700 3050 910 3111; x_wconf 85' lang='lat' dir='ltr'><strong>invitationes</strong></span> <span class='ocrx_word' id='word_1_205' title='bbox 932 3049 1042 3110; x_wconf 83' lang='lat' dir='ltr'><strong>relere</strong></span> 
     </span>
     <span class='ocr_line' id='line_1_31' title="bbox 109 3127 1041 3230; baseline -0.008 -20"><span class='ocrx_word' id='word_1_206' title='bbox 109 3127 237 3210; x_wconf 83' lang='lat' dir='ltr'><strong>bantur.</strong></span> <span class='ocrx_word' id='word_1_207' title='bbox 280 3152 326 3210; x_wconf 87' lang='lat' dir='ltr'><strong>lta</strong></span> <span class='ocrx_word' id='word_1_208' title='bbox 347 3149 437 3211; x_wconf 88' lang='lat' dir='ltr'><strong>enim</strong></span> <span class='ocrx_word' id='word_1_209' title='bbox 457 3147 522 3210; x_wconf 90' lang='lat' dir='ltr'><strong>boo</strong></span> <span class='ocrx_word' id='word_1_210' title='bbox 543 3147 766 3210; x_wconf 86' lang='lat' dir='ltr'><strong>vocabalum</strong></span> <span class='ocrx_word' id='word_1_211' title='bbox 757 3151 967 3230; x_wconf 78' lang='lat' dir='ltr'><strong>interpretati</strong></span> <span class='ocrx_word' id='word_1_212' title='bbox 982 3145 1041 3207; x_wconf 81' lang='lat' dir='ltr'><strong>sunl</strong></span> 
     </span>
     <span class='ocr_line' id='line_1_32' title="bbox 109 3247 1039 3336; baseline -0.009 -24"><span class='ocrx_word' id='word_1_213' title='bbox 109 3251 223 3314; x_wconf 87' lang='lat' dir='ltr'><strong>Suidas</strong></span> <span class='ocrx_word' id='word_1_214' title='bbox 246 3250 509 3336; x_wconf 88' lang='lat' dir='ltr'><strong>ctHesycbiuss.</strong></span> <span class='ocrx_word' id='word_1_215' title='bbox 520 3271 548 3310; x_wconf 87' lang='lat' dir='ltr'><strong>v.</strong></span> <span class='ocrx_word' id='word_1_216' title='bbox 581 3249 628 3309; x_wconf 84' lang='lat' dir='ltr'><strong>Cf.</strong></span> <span class='ocrx_word' id='word_1_217' title='bbox 641 3250 774 3313; x_wconf 86' lang='lat' dir='ltr'><strong>Casaub.</strong></span> <span class='ocrx_word' id='word_1_218' title='bbox 798 3256 867 3314; x_wconf 85' lang='lat' dir='ltr'><strong>not.</strong></span> <span class='ocrx_word' id='word_1_219' title='bbox 884 3250 926 3310; x_wconf 87' lang='lat' dir='ltr'><strong>ad</strong></span> <span class='ocrx_word' id='word_1_220' title='bbox 944 3247 1039 3309; x_wconf 83' lang='lat' dir='ltr'><strong>Athen</strong></span> 
     </span>
     <span class='ocr_line' id='line_1_33' title="bbox 109 3343 1038 3434; baseline 0.001 -23"><span class='ocrx_word' id='word_1_221' title='bbox 109 3375 140 3434; x_wconf 88' lang='lat' dir='ltr'><strong>p.</strong></span> <span class='ocrx_word' id='word_1_222' title='bbox 157 3353 223 3412; x_wconf 84' lang='grc'><strong>115.</strong></span> <span class='ocrx_word' id='word_1_223' title='bbox 267 3351 355 3426; x_wconf 86' lang='lat' dir='ltr'><strong>Quin</strong></span> <span class='ocrx_word' id='word_1_224' title='bbox 380 3353 477 3410; x_wconf 84' lang='lat' dir='ltr'><strong>etiarn</strong></span> <span class='ocrx_word' id='word_1_225' title='bbox 501 3347 652 3410; x_wconf 87' lang='lat' dir='ltr'><strong>imitandi</strong></span> <span class='ocrx_word' id='word_1_226' title='bbox 675 3349 797 3432; x_wconf 85' lang='lat' dir='ltr'><strong>cupido</strong></span> <span class='ocrx_word' id='word_1_227' title='bbox 821 3355 860 3409; x_wconf 89' lang='lat' dir='ltr'><strong>eo</strong></span> <span class='ocrx_word' id='word_1_228' title='bbox 880 3343 1038 3433; x_wconf 64' lang='lat' dir='ltr'><strong>processit&gt;</strong></span> 
     </span>
     <span class='ocr_line' id='line_1_34' title="bbox 110 3445 1038 3541; baseline -0.002 -31"><span class='ocrx_word' id='word_1_229' title='bbox 110 3460 146 3511; x_wconf 89' lang='lat' dir='ltr'><strong>ut</strong></span> <span class='ocrx_word' id='word_1_230' title='bbox 183 3451 364 3514; x_wconf 88' lang='lat' dir='ltr'><strong>nonnullae</strong></span> <span class='ocrx_word' id='word_1_231' title='bbox 390 3450 513 3512; x_wconf 61' lang='lat' dir='ltr'><strong>Siculis</strong></span> <span class='ocrx_word' id='word_1_232' title='bbox 550 3457 657 3541; x_wconf 82' lang='lat' dir='ltr'><strong>essent</strong></span> <span class='ocrx_word' id='word_1_233' title='bbox 693 3449 899 3529; x_wconf 85' lang='lat' dir='ltr'><strong>saltationes,</strong></span> <span class='ocrx_word' id='word_1_234' title='bbox 939 3445 1038 3535; x_wconf 70' lang='lat' dir='ltr'><strong>quibus</strong></span> 
     </span>
    </p>
   </div>
   <div class='ocr_carea' id='block_1_3' title="bbox 0 0 1102 3794">
    <p class='ocr_par' dir='ltr' id='par_1_3' title="bbox 0 0 1102 3794">
     <span class='ocr_line' id='line_1_35' title="bbox 0 0 1102 3794; baseline 0 2"><span class='ocrx_word' id='word_1_235' title='bbox 0 0 1102 3794; x_wconf 95' lang='lat' dir='ltr'><strong> </strong></span> 
     </span>
    </p>
   </div>
  </div>
 </body>
</html>
