2210 3792
99 295 187 360 modi
210 284 353 386 actiones
375 299 473 362 edere
486 303 696 384 inceperant,
719 302 758 363 ad
779 305 894 366 iustam
915 305 1043 366 fabulae
1090 299 1091 302 ¹

98 397 350 480 magnitudinem
397 399 634 469 concinnavit
651 397 775 482 primus
816 403 843 462 Γ
847 401 1042 484 picharmus

100 495 190 556 llaam
213 497 299 556 enim
323 490 449 558 laudem
473 497 639 562 iustissime
663 519 693 560 es
685 498 926 598 vindicamus,
948 501 1049 582 siqui-

99 593 174 654 dem
202 595 350 656 Phormis
378 603 476 675 poeta
508 593 671 680 aequalis,
713 615 812 680 quem
845 581 938 658 simul
971 621 1047 658 cum

97 689 297 770 Epicharmo
329 691 569 754 comoediam
562 694 724 758 iuvenisse
753 694 950 774 perhibent,
982 696 1046 756 hoc

100 795 190 850 certe
213 787 396 863 fabularum
417 811 517 873 genus
540 813 607 854 non
630 792 830 873 perscripsit.
861 794 976 876 Neque
996 793 1049 875 qni
1093 831 1094 834 =

99 896 204 950 aetate
226 890 323 970 paulo
347 891 512 970 posterior
533 901 599 969 est,
621 891 823 954 Diuoloolms
842 893 904 952 nisi
921 892 1051 975 mytho-
1093 835 1095 964 l

102 985 221 1067 logicus
239 988 424 1058 comoedias
442 990 672 1072 conscripsisse
690 989 827 1052 videtur
861 989 963 1051 Unde
985 991 1052 1051 illas

101 1083 193 1149 initio
209 1087 353 1168 quidem.
359 1088 542 1150 hominihus
555 1089 671 1152 Siculis
693 1091 932 1172 praeplacnisso
952 1110 1053 1173 saepe

102 1186 345 1267 saianopinatus.
370 1188 670 1270 Quanquamhoc
663 1210 697 1248 ιιι
719 1189 948 1252 universume
977 1209 1053 1270 pan·

103 1283 185 1352 culis
215 1286 322 1345 etiam
330 1283 479 1396 reliquiis
508 1285 734 1368 consequitur
762 1285 925 1367 quidquid
952 1284 1054 1348 habet

103 1381 328 1444 delectationis
349 1384 514 1445 verissima
532 1385 632 1461 vitae,
656 1384 809 1461 actionis,
832 1404 1056 1464 morum‚ser·

103 1479 208 1544 monis
231 1479 313 1544 adeo
337 1480 533 1574 descriptio,
566 1482 599 1542 id
628 1503 725 1551 ornae
748 1481 789 1542 ad
810 1483 905 1544 hasce
929 1483 1056 1545 fabulas
1097 1507 1098 1514 ¹

17 1645 20 1652 Δ
103 1581 337 1668 Epicharmum
374 1583 561 1645 contulisse.
621 1580 736 1660 Quod
757 1603 832 1652 cnm

104 1690 218 1764 postea
241 1682 431 1765 Sophron
424 1705 457 1742 m
486 1646 603 1744 mimis
614 1682 676 1744 suis
698 1702 732 1744 se
754 1679 892 1745 multum
914 1681 954 1744 ad
979 1685 1058 1768 Epi-

104 1780 229 1848 charmi
256 1779 438 1863 exemplum
469 1777 697 1858 conformavit.
741 1781 778 1840 ld
808 1780 896 1842 enim
928 1801 1057 1844 cumae

104 1879 214 1942 multis
233 1875 315 1958 'mihi
336 1878 466 1945 indiciis
488 1899 557 1956 esse
580 1877 785 1940 efficiendum
806 1877 954 1957 videtur,
990 1889 1058 1942 tum

106 1979 264 2060 imprimis
297 1978 392 2058 iude,
425 1977 515 2062 quod
542 1967 588 2044 illi
611 1976 726 2039 eadem
748 1997 815 2040 nou
848 1998 926 2040 raro
958 1999 1059 2062 argu·

57 2081 212 2142 fluenta
232 2085 487 2159 pertractarunt.

108 2174 246 2252 Sed,
271 2173 359 2258 quod
381 2149 596 2240 vehementer
618 2183 667 2238 est
688 2174 884 2252 dolendum,
916 2195 987 2258 per
1007 2196 1059 2238 re-

104 2275 278 2357 liquiarum
309 2278 506 2358 paucitatem
537 2296 578 2338 ne
607 2270 741 2336 unicum
770 2273 903 2358 quidem
928 2275 1059 2338 fabula-
1097 2271 1101 2334 l

41 2379 45 2392 ‘
105 2397 202 2464 rum,
229 2397 310 2456 quae
334 2375 373 2436 ad
399 2377 460 2449 hoc
473 2397 591 2459 genus
613 2375 798 2458 pertinent,
828 2383 1060 2458 argumentum

106 2455 303 2538 adumbrare
328 2475 413 2536 licet.
460 2477 654 2580 Quanquam
676 2484 709 2536 et
731 2477 848 2536 harum
870 2474 1061 2540 fabularum

102 2553 495 2688 naturamaliqnatcnus
485 2583 574 2636 certe
588 2575 814 2658 cognoscimus
830 2593 854 2634 e
877 2555 1061 2636 comoediis

106 2673 274 2750 Plautinis,
298 2693 421 2757 qnippe
433 2695 510 2756 quas
533 2675 668 2734 maxime
691 2673 732 2734 ad
741 2671 929 2755 Epicharmi
951 2693 1063 2734 exem·

106 2773 198 2855 plum
231 2775 450 2854 conformatas
472 2774 578 2836 ‘fnisse
612 2774 696 2834 iufra
730 2771 867 2859 omnino
900 2773 1062 2844 spineam.

108 2875 235 2950 Quodsi
264 2873 431 2958 'igiturah
465 2874 629 2937 imitatore
663 2872 704 2935 ad
737 2874 842 2958 ipsum
875 2873 1063 2955 exemplum

66 2977 71 2988 ’
106 2973 232 3056 aliquid
255 2975 437 3052 transferre
460 2974 552 3035 licet:
566 2974 660 3040 ,hane
682 2973 840 3055 imprimis
851 2971 1063 3054 harum-Epi-

106 3073 234 3138 charmi
262 3075 510 3140 comoediarum
541 3072 781 3158 proprietatem
810 3073 908 3134 luisse
936 3092 1062 3135 couce-

59 3209 65 3230 ι
105 3172 181 3252 des,
224 3181 260 3236 ut
296 3173 478 3240 artificiosa
509 3172 673 3256 quadarn
689 3180 786 3254 atque
821 3171 914 3232 varia
944 3191 1060 3232 rerum

84 3269 283 3370 mapsnsrrt'p
313 3270 527 3333 delectarent
573 3273 650 3356 Ipsis
680 3277 809 3344 autem,
838 3290 916 3352 quas
937 3267 990 3330 his
1014 3271 1063 3332 la-

106 3371 192 3432 hnlis
214 3365 397 3453 pertexuit,
423 3369 602 3436 historialis
623 3355 824 3454 permultum
847 3365 945 3436 fnisse
967 3369 1064 3461 ride·
1098 3415 1101 3522 ⁴
