2266 3802
106 275 245 340 vasculis
260 261 399 364 aliisque
410 275 492 340 artis
504 234 724 341 monumentis
736 273 957 372 descripsisse.
979 277 1069 341 inde

105 375 385 440 Winkeimannus
397 397 531 460 quoque
554 365 724 455 iudicavit,
748 378 845 439 fuisse
863 399 989 456 eornm,
1004 378 1071 459 qui

106 478 238 540 vascuta
258 478 398 564 picturis
421 477 629 556 exornarent,
651 477 740 540 huno
762 499 902 554 munem,
926 485 961 538 ut
981 497 1070 558 per-

83 575 86 583 ’
107 587 204 640 sonas
222 576 262 639 de
274 596 392 639 scaeua
404 576 565 638 desumtas
577 577 611 638 in
631 577 668 636 iis
681 577 928 642 adumbrarent.
960 574 1070 653 Quod

105 685 143 736 ut
165 675 316 760 exemplo
339 673 450 758 aliquo
472 676 691 756 patefaceret,
712 675 906 758 provocavit
927 665 968 736 ad
988 695 1069 734 vas

105 773 219 836 nulum
247 773 416 856 quoddam
442 759 702 852 nobilissimum,
733 773 843 857 qnod·
839 781 996 834 servatur
1025 772 1066 832 in

105 858 220 958 Museo
241 872 517 939 ΡίοοΙιιιιιιιιιῐίιιο.
560 871 663 933 Huius
685 872 775 934 euim
801 873 927 956 figurae
947 879 1067 952 aperte

105 991 267 1055 personas
296 971 469 1033 scaenicas
494 978 769 1054 repraesentant,
805 979 838 1032 et
871 969 912 1030 ad
940 969 1068 1036 Bacchi

106 1071 268 1156 thyasum
287 1092 340 1164 eas
361 1070 560 1155 pertinuisse
582 1069 704 1154 thyrsi,
737 1092 819 1154 quos
840 1069 990 1132 manibus
1013 1077 1068 1130 te

108 1178 206 1248 nent,
238 1169 341 1243 cuivis
362 1169 522 1254 produnt.
565 1170 599 1232 C.
621 1169 801 1232 Winkelm.
830 1189 883 1317 op.
906 1176 985 1229 tom
1009 1169 1066 1234 111

107 1291 140 1352 Ρ
163 1269 234 1351 357.
256 1269 294 1329 F.
553 1274 560 1294 “

170 1356 253 1430 Cum
278 1376 389 1432 autem
415 1361 566 1448 ludicra,
593 1333 754 1483 equibus
775 1303 945 1434 fabeilae
936 1388 979 1446 ιιι
991 1387 1068 1429 vas·-

43 1479 46 1486 '
110 1443 210 1550 eutis*
197 1467 409 1552 *descriptae
440 1463 533 1538 suam
565 1469 656 1552 quasi
690 1469 853 1552 originem
881 1467 942 1530 dus
946 1476 1066 1545 eruut,

43 1587 47 1593 '
110 1580 220 1633 essent
251 1570 491 1634 Bacchanalia.
531 1570 680 1635 omnino
704 1579 780 1646 erat
808 1577 1069 1630 consentaneum

111 1671 210 1732 fuisse
231 1691 273 1734 ex
293 1671 445 1732 omnihus
474 1669 536 1730 diis
557 1669 702 1752 primum
723 1669 942 1754 Dionysum
934 1687 1062 1750 ipsum,

113 1771 172 1854 qui
197 1756 343 1832 fabellae
367 1737 528 1831 eiusmodi
554 1789 696 1867 persona
723 1769 880 1852 primaria
902 1769 1067 1830 existeret.

113 1874 162 1934 cf
184 1873 337 1934 Creuzer.
361 1869 401 1932 de
424 1871 528 1935 rebus
545 1857 661 1946 Bacch.
688 1891 724 1954 Ρ.
744 1872 784 1930 1.
809 1871 968 1954 Namque
977 1868 1066 1952 apud

113 1971 267 2054 antiquos
294 1967 458 2053 plurimae
488 1969 683 2032 ferebantur
710 1965 751 2030 de
772 1966 919 2052 Dionyso
950 1989 1068 2028 narra-

115 2070 283 2142 tiunculae
306 2069 543 2148 iocosissimae,
568 2077 650 2152 quae
673 2077 729 2130 aut
750 2057 997 2131 comoediarum
1010 2075 1069 2128 aut

115 2180 310 2254 satyrorum
328 2178 443 2252 postea
464 2169 584 2240 fierent
604 2176 813 2253 argmenta,-
842 2177 898 2228 aut
919 2175 1009 2250 certe
1032 2166 1068 2226 in

117 2291 246 2339 eorum!
267 2268 424 2352 episodiis
455 2259 522 2334 non
551 2289 627 2332 raro
649 2267 920 2371 significarentur.
965 2264 1067 2343 Quod

118 2387 185 2430 non
208 2377 336 2430 tuntum
358 2367 738 2443 aDoriensium,verum
759 2384 891 2447 quoque
914 2365 957 2425 ab
968 2363 1071 2425 Athe-

117 2468 283 2534 niensium
311 2466 518 2548 aliorumque
545 2465 660 2560 poetis
674 2465 855 2526 factitatum
876 2483 960 2541 esse,
997 2464 1071 2546 quis

117 2575 166 2628 est
183 2567 253 2648 qui
266 2563 414 2634 nesciat?
443 2555 589 2647 ltaque
582 2564 636 2624 alii
655 2581 735 2626 eum
756 2562 882 2628 saeiusnt
903 2561 982 2622 doni
998 2585 1018 2636 Ιιι
1037 2583 1071 2624 se

60 2683 69 2692 “
116 2666 245 2764 inventi
267 2665 448 2749 specimina
475 2665 674 2746 iocosissimu
705 2664 859 2724 edentem
871 2661 967 2744 apud
990 2683 1068 2738 eos,

111 2757 180 2854 qui
205 2767 273 2828 vim
298 2766 367 2829 vini
397 2740 619 2828 inebriantem
651 2765 810 2826 nesciunt
833 2797 887 2814 -
886 2763 949 2826 Cf
969 2762 1070 2825 ovid.

116 2856 255 2932 Metam.
270 2865 323 2928 Vl.
351 2865 426 2928 ιι5.
439 2864 523 2954 Fast.
548 2864 595 2924 iil.
619 2865 752 2946 745-
715 2861 840 2922 -alii
862 2869 971 2950 autern
1003 2870 1073 2924 tra

12 2997 13 3026 ;
118 2967 202 3028 dunt
224 2989 299 3028 eum
321 2974 419 3049 utque
440 2965 640 3048 armigerum
662 2963 811 3024 Silenum
833 2971 865 3024 et
886 2962 1074 3025 Vulcanum

12 3057 14 3130 ἒ
117 3090 194 3130 curn
215 3060 376 3152 Satyris?
358 3089 401 3126 ιιι
424 3087 568 3154 pugnum
590 3064 782 3148 Giganteam
804 3063 903 3126 asinis
922 3083 991 3126 esse
1014 3063 1073 3124 ad-

12 3191 13 3194 *
61 3211 67 3216 -
116 3176 243 3243 vectos,
268 3188 412 3249 quorum
433 3165 541 3226 subito
564 3164 708 3224 clamore
724 3163 878 3246 Gigantes
900 3167 1072 3242 perterre·-

12 3299 13 3342 3
119 3267 197 3328 facti
223 3267 421 3349 aufugerint.
444 3301 482 3314 -
504 3263 667 3326 Eratosth.
691 3261 804 3324 'catast
828 3251 865 3322 1'1.
891 3258 1013 3344 {Hygim
1036 3263 1074 3322 A.

12 3423 16 3456 7
119 3367 154 3427 P.
183 3369 219 3427 ΙΙ.
243 3369 291 3430 ns.
320 3401 361 3414 -·-
389 3366 444 3432 alii
471 3373 640 3429 nocturna
678 3383 733 3428 eos
760 3361 989 3424 comissatione
1019 3381 1075 3421 ve-

12 3467 14 3526 1
121 3475 231 3530 nustas
260 3466 386 3549 puellas
407 3465 564 3550 persequi
592 3464 773 3544 referunt,⁴
790 3485 808 3524 a
829 3460 948 3546 quibus
968 3459 1078 3526 auditi
