2210 3798
518 85 662 206 4399-

49 291 55 302 '
113 289 147 348 in
170 289 301 374 scriptis
323 287 386 349 suis
408 287 462 348 laic
485 295 527 347 et
540 287 609 348 illic
631 285 672 348 de
688 286 1056 355 divinationeeiusmodi

61 394 71 430 'v
112 390 290 456 sententias
320 388 546 470 ριόιιιΙοιοιιῑι
578 387 741 450 incertum
772 397 838 467 cst,
856 393 954 452 utris
985 394 1057 476 Epi-

112 487 284 550 charmum
307 488 580 568 adnumeraverit.
658 511 667 527 κ

172 589 238 647 Ιοιιι
262 608 340 646 vero
363 606 475 646 causas
489 563 663 668 explicare
681 586 871 648 facillimum
894 585 958 668 est,
993 585 1058 674 qui-

109 689 169 750 bus
201 688 360 758 adductus
384 686 466 746 Gelo
488 685 721 768 Epicharmum
752 687 830 748 viris
861 691 1057 772 principibus

111 789 505 870 adiunxe1·it·sccumque
533 774 704 868 Syracusas
731 787 922 859 traduxerit.
964 793 1057 851 Nimi-

109 909 188 948 rum
208 887 298 969 regis
329 884 526 968 singularem
547 885 719 944 amicitiam
747 886 814 946 sive
840 888 923 958 adeo
948 892 1057 950 olsser.

108 983 252 1048 vcntiam
277 986 309 1044 in
340 983 573 1066 Epicharmum
608 981 735 1044 efficere
775 984 916 1056 debebat
950 991 1057 1050 eximia

108 1088 178 1150 eius
200 1107 252 1169 ars
275 1094 372 1166 atque
391 1073 543 1143 eruditio.
585 1081 697 1164 Neque
711 1083 863 1146 dubitare
875 1087 965 1164 licet,
981 1092 1055 1172 quin

40 1209 43 1216 ’
111 1188 194 1269 Gelo
216 1185 451 1268 Epicharmum
480 1184 515 1245 in
538 1203 627 1244 suam
649 1183 746 1264 ipsius
769 1186 874 1248 aulam
895 1191 1057 1270 receperit

101 1306 249 1369 eumque
271 1285 387 1366 insigni
409 1305 464 1342 sua
485 1275 726 1343 benevolentia·
740 1283 872 1346 foverit:
897 1285 1056 1370 siq'uidem

106 1389 193 1450 idem
213 1381 527 1458 miraculum,
558 1381 733 1464 qaisimul
762 1405 836 1462 cum
857 1385 1055 1468 Epicharmo

106 1477 313 1550 comoediam
325 1481 500 1544 excoluisse
513 1479 649 1556 dicitur,
673 1481 866 1544 familiarem
883 1485 943 1545 sibi
959 1495 1054 1568 atque

105 1585 188 1646 adeo
220 1581 404 1643 liberorum
434 1599 569 1640 suorum
601 1579 855 1662 praeceptorem
884 1581 974 1652 fecit.
1009 1588 1053 1646 Cf.

105 1683 194 1754 said.
225 1705 249 1742 s.
272 1705 312 1754 v„
337 1672 478 1762 Φόρμος.
519 1680 643 1739 Verum
671 1679 711 1740 ad
742 1683 938 1766 sententiam
969 1685 1054 1746 hanc

69 1773 72 1782 s
104 1779 364 1846 confirmandam
385 1777 450 1839 hoc
473 1777 605 1861 qaoque
628 1777 769 1857 accedit,
793 1781 883 1863 quod
894 1782 1055 1864 Epichar-

78 1891 354 1949 snaummortuo
378 1883 521 1958 Getone,
550 1883 591 1943 ad
613 1881 771 1944 Hieronis
802 1865 977 1947 familiares
1001 1910 1055 1948 re-

102 1997 236 2070 ceptum
264 1983 551 2067 deprehendimus.
595 1985 696 2066 Hiero
720 1985 822 2062 enim,
857 2007 936 2046 cum
955 2003 1053 2051 omne

102 2089 265 2150 artificum
294 2094 327 2145 et
357 2085 527 2145 hominum
558 2081 778 2144 litteratorum
828 2105 908 2146 enus
931 2087 1052 2148 fovere

101 2197 199 2270 atque
222 2185 306 2247 adeo
330 2184 520 2245 cla11ss1m0s
520 2170 714 2268 Syracusas
742 2107 917 2268 traducere
940 2187 1052 2248 stude-

102 2298 169 2366 ret,
203 2285 446 2370 Epicharmo'
437 2307 470 2344 ιιι
490 2269 684 2378 aulicorum
710 2295 897 2366 numerum
912 2297 1050 2371 recepto

101 2387 224 2448 mirum
255 2393 356 2466 quant
358 2405 413 2443 um
445 2351 603 2444 deleclari
633 2381 810 2443 debebat.
805 2383 1035 2446 Videlicet
1025 2407 1050 2446 is

101 2493 173 2549 erat
193 2503 273 2566 prae
297 2481 415 2542 ceteris
437 2481 623 2542 hominibus
655 2481 780 2542 aulicis
793 2491 826 2544 et
845 2457 1051 2545 admirabilis

101 2587 145 2647 ob
166 2591 272 2644 artem
294 2581 457 2666 egregiam
489 2589 522 2642 et
543 2571 661 2665 insigni
681 2602 747 2642 sua
769 2581 925 2666 sapientia
947 2605 1051 2645 vene-

97 2681 222 2748 rabilis
275 2682 361 2743 Hinc
394 2681 549 2747 fortasse
571 2627 693 2742 facturn
718 2692 786 2760 est,
826 2691 863 2742 ut
886 2683 1051 2767 princeps

98 2788 173 2863 iste,
205 2785 284 2844 licet
305 2790 422 2844 natura
444 2801 500 2842 sua
515 2779 569 2861 ‚ad
593 2781 758 2844 saevitiam
776 2727 945 2864 ²quandam
967 2805 1051 2866 pro-

98 2877 189 2947 clivis
205 2892 303 2960 esset,
325 2879 560 2964 Epicharmum
576 2887 684 2962 tamen
701 2880 890 2957 incredibili
908 2883 1048 2943 lenitate

95 2992 262 3048 tractaret.
305 2970 376 3041 Huc
391 2988 499 3066 autem
516 2981 687 3062 pertinent
702 2980 785 3058 duo,
809 3001 886 3064 quas
908 2982 949 3044 de
966 2983 1050 3065 Epi-

54 3095 55 3099 ’
97 3085 234 3150 charmi,
254 3092 287 3155 et
314 3081 476 3154 Hieronis*
497 3081 751 3159 consuetudine,
781 3082 1048 3143 narratiunculas

27 3215 31 3222 ·
95 3185 206 3247 attulit
215 3179 420 3242 Plutarchus.
464 3181 510 3240 lta
532 3179 621 3240 enim
641 3180 696 3241 ille
719 3179 851 3262 apopth.
874 3182 993 3265 p.·669.
1009 3184 1046 3242 R.

30 3333 32 3340 s
90 3280 233 3366 Ἱέρωνος
245 3271 440 3361 ἀπόφθεγμα
453 3275 477 3339 ἑ.
496 3271 739 3361 Ἐπίχαρμονδὲ
751 3279 805 3340 τὸν
817 3281 1048 3363 κοιμιριῖοιιοιόν

96 3375 149 3444 ὅτι
160 3381 219 3460 τῆς
233 3376 382 3458 γυναικὸς
395 3370 494 3438 αὐτοῦ
504 3372 671 3459 παρούσης
680 3367 747 3440 εἶπέ
758 3401 790 3438 τι
803 3379 865 3439 τῶν
881 3371 1047 3464 α’πριπῶν,

96 3476 273 3561 &laurona-
305 3474 395 3540 Vixit
411 3475 514 3558 'igitur
533 3473 748 3560 Epicharmus
764 3469 969 3563 interipsum
991 3498 1048 3540 re-
