2210 3792
965 77 985 112 ὓ

468 99 539 184 ιιι

45 303 77 358 ut
103 299 214 380 partim
244 299 408 362 actionem
442 300 584 386 utiquam
615 297 819 381 primariam,
855 295 1007 378 partim.

45 417 115 457 vero
137 399 217 462 vitae
247 401 430 460 rusticanae
454 399 602 483 negotia,
633 396 745 473 iudos,
776 395 911 456 delicias
932 395 980 458 sa-

46 496 112 557 bata
138 519 193 558 sua
210 506 495 580 repraesentaret.
539 498 705 576 Quocirca
732 495 870 558 ‘sortasse
894 516 979 554 non-

47 595 117 676 nuiii
156 596 257 680 idyttii
288 597 429 678 speeiem
469 595 634 678 quandam
677 595 711 656 in
752 593 1009 676 antiquissimis

46 694 217 756 Siculorum
251 694 427 756 comoediis
457 696 596 776 positam
625 693 723 758 fuisse
750 695 977 754 coniecerunt.

45 794 85 852 Cs.
106 793 244 854 Schoeli
266 791 339 854 hist.
362 792 403 854 de
426 793 455 854 ia
478 792 609 856 litterat.
632 813 678 876 gr.
707 800 786 852 tom.
810 794 846 852 ΙΙ.
871 811 904 875 p.
928 789 979 852 83.

46 889 115 967 Sed,
137 885 179 952 ut·
193 889 242 952 nd¹
255 891 490 973 bucoiiaamum
512 889 626 952 redeat
647 889 839 972 disputatio,
862 899 934 950 erat
954 888 980 948 is

45 989 238 1050 omnino-iu
258 989 463 1050 -Sicuiorum
495 989 630 1078 deliciis.
682 987 770 1066 Quid
802 988 920 1072 igitur,
952 987 979 1048 si

45 1083 234 1150 bucoliasmo
263 1087 298 1150 in
327 1089 395 1170 ipsa
416 1107 531 1182 scaena
562 1095 815 1170 repraesentato·
832 1095 979 1148 actorem

45 1186 189 1268 aliquem,
223 1196 260 1248 nt
282 1187 322 1248 de
344 1187 461 1248 Diomo
485 1189 748 1250 eiusiuventore
770 1186 980 1270 colloquere-

45 1290 106 1362 tur,
128 1286 298 1348 inductum
321 1286 419 1346 fuisse
441 1287 581 1348 censeo?
603 1335 605 1342 .
643 1270 645 1276 ‚

96 1385 163 1466 ipsa
185 1393 293 1448 autern
315 1383 531 1472 diverbiaad
553 1405 754 1461 sermonem,
782 1383 886 1467 qualis
909 1390 979 1444 tum

45 1481 189 1565 temporis
225 1485 314 1546 inter
348 1474 434 1566 ipsos
470 1481 599 1546 Siculos
637 1484 858 1546 usitatissimus
889 1493 979 1560 erat,

45 1581 201 1646 ctiormatn
232 1581 498 1649 essedebebant.
541 1582 735 1650 Comoediae
758 1584 847 1648 enim
866 1593 981 1666 poetas

45 1677 86 1740 his
107 1681 238 1764 quidem
262 1683 295 1742 iu
318 1669 416 1743 rebus
439 1681 605 1766 e'yuignri
626 1681 796 1744 hominum
819 1682 884 1744 vita
906 1683 981 1742 imi-

45 1782 163 1842 tationis
192 1781 339 1863 excmpla
367 1790 519 1863 repetere
548 1801 600 1842 res
623 1789 671 1842 est
699 1783 871 1846 notissima.
915 1783 982 1844 Iam

45 1896 115 1942 vero
127 1881 228 1943 Siculi
250 1879 458 1963 proclivitate
481 1879 620 1960 quadam
642 1889 758 1942 natura
774 1879 851 1964 ipsis
868 1881 980 1957 insita,

46 1997 100 2057 qna
131 2001 229 2064 ungas
258 1987 292 2040 et
320 1978 482 2042 dictiones
511 1979 691 2042 rusticitate
724 1961 759 2042 et
785 1982 980 2042 scurriiitate

45 2079 146 2158 plenas
169 2079 338 2142 effundere
362 2079 625 2156 consuevissent,
649 2079 737 2142 inter
758 2087 885 2142 veteres
907 2081 980 2140 satis

46 2189 129 2240 erant
155 2168 300 2276 iffaffies.
342 2176 438 2240 lude
433 2179 540 2238 enim
566 2177 689 2239 factum
718 2197 786 2239 esse
814 2177 914 2255 scias,
945 2187 981 2238 ut
1074 2239 1078 2246 ,

47 2273 74 2334 iu
93 2287 186 2340 statas
216 2277 342 2340 mediae
371 2275 563 2338 comoediae
590 2295 747 2359 personas
763 2278 983 2360 reciperetur

46 2375 131 2438 ctiam
152 2377 222 2453 itia,
254 2397 337 2460 quae
360 2395 483 2438 nomeu
505 2397 523 2436 a
545 2374 662 2436 iuvene
685 2369 797 2434 Siculo
829 2372 999 2452 duxisset,

45 2474 140 2551 Quam
160 2474 296 2560 quidem
316 2477 360 2536 ita
382 2461 649 2545 commemoravit
653 2463 783 2534 Pollux
805 2492 916 2536 ouum.
927 2475 979 2536 tv.

43 2590 67 2630 c.
91 2595 135 2657 ¹9·
165 2575 206 2638 rii
229 2573 263 2636 δὲ
288 2573 351 2636 τῶν
375 2570 548 2638 rauciacus
573 2571 636 2658 (sc.
657 2565 812 2654 πρόσωπα
834 2573 984 2656 κωμικὰ)
1025 2582 1043 2592 ”

43 2691 219 2758 ιιιιγχρηςις
244 2668 424 2747 taurianae,
450 2667 551 2750 μέλας
575 2664 756 2747 κιιὶκισιιις,
787 2660 881 2759 οὖλος
908 2666 983 2734 vrri.
1011 2742 1015 2750 Ι

43 2786 159 2848 ιισκος,
180 2768 316 2848 ἁπαλὸς,
337 2793 503 2856 αγροικος,
518 2764 693 2848 ἐπίσιιςος,
711 2766 857 2855 διότιρος
872 2765 984 2848 astitui,

43 2865 258 2952 παράσιτος,ι
245 2865 413 2945 εἰκονικός,
432 2863 609 2942 Σικελικός.
648 2861 723 2932 Mox
745 2876 855 2931 autem
876 2871 982 2932 inter-

42 2973 228 3046 pretationis
246 2993 340 3032 causa
360 2969 497 3048 addit,
489 2991 641 3034 iuvenem
655 2970 799 3032 Siculum
819 2969 980 3047 eundem,
1030 3037 1031 3041 ,

43 3083 134 3145 quern
154 3071 329 3150 parasitum
350 3070 483 3132 tertium
506 3090 584 3131 esse.
620 3064 658 3134 Ὁ
684 3067 720 3132 δὲ
745 3065 949 3143 Σικιλικὸς’
932 3091 982 3142 ιςι

29 3157 211 3274 'copiastae
240 3167 355 3252 τρίτος.
380 3169 519 3254 Atque
532 3169 659 3230 hunc
649 3187 803 3232 iuvenem
833 3167 983 3238 Siculum

43 3261 104 3326 sive
134 3267 309 3349 parasitum
339 3269 490 3347 tertium,
524 3290 625 3352 quum
647 3268 822 3344 conviciis,
854 3269 979 3344 sannis,
1050 3285 1063 3331 “.

43 3359 242 3426 cachinnis
232 3367 377 3452 iocisque
400 3365 676 3450 petulantioribus
690 3386 870 3450 personam
891 3389 981 3429 suana

43 3460 110 3524 sutis
106 3464 297 3556 {insignem
324 3466 498 3577 redderet,
530 3468 572 3534 ad
592 3467 750 3553 parasitos
779 3468 882 3546 iilos,
898 3487 985 3552 qtaos

691 3571 736 3666 14
