2210 3792
108 273 337 352 enim‘sahula
366 289 406 350 de
438 287 655 368 Prometheo,
689 291 745 374 qui
775 290 860 352 Jove
888 293 1049 355 nesciente

107 391 215 472 ignem
238 389 277 450 de
302 388 369 450 sole
391 393 578 470 surreptum
606 386 647 447 ad
669 387 817 448 homines
839 411 856 448 a
879 409 913 449 se
935 383 1052 451 forma-

26 545 28 548 .
105 495 156 550 tos
185 487 302 546 attulit.
339 485 385 545 Cf.
415 481 566 564 Apollod.
594 483 671 544 bibl.
703 483 758 543 lib.¹
781 485 802 544 l.
824 486 852 548 6.
877 489 927 548 3.·
951 489 1051 566 Quam

54 625 69 670 ι,
106 585 240 668 quidem
262 593 298 645 ut
318 591 475 666 tanquam
496 582 671 662 ridiculam
691 585 948 666 perstringeret,
979 587 1052 670 Epi.

106 685 255 756 charmes
279 681 406 743 fabulae
428 681 557 746 initium
579 681 775 742 ita·videtur
796 683 993 762 instituisse,
1018 697 1052 759 ¹ut

105 781 270 856 homines,
293 801 390 864 quam
411 775 561 862 primum.
577 801 594 839 a
612 779 811 850 Prometheo
833 773 942 864 ignem
965 777 1053 846 acce-

104 880 242 964 pissant,
267 879 391 942 animos
413 899 487 940 suos
509 877 550 938 ad
572 877 687 964 cibum
701 887 735 938 et
753 887 866 959 potum
888 889 923 941 et
945 884 1051 950 cousi·

79 977 156 1037 ,via
178 985 211 1038 et
233 978 509 1039 commissationes
532 983 762 1038 convertentes
784 977 918 1040 faceret.
962 979 1051 1042 Haud

104 1076 204 1138 dubie
223 1075 396 1138 »enim‘de
426 1075 524 1153 cibis,
558 1075 688 1158 qui1ad
717 1097 854 1138 coenam
876 1079 1052 1160 parandam

103 1177 358 1253 coemebantur,
390 1193 497 1236 sermo
529 1183 601 1236 erat
628 1177 662 1236 in
695 1176 880 1254 verticulis,
914 1199 1051 1261 quorum

103 1276 298 1362 purtipularn
320 1274 408 1355 apud
421 1276 625 1343 Athenaeum
647 1275 734 1338 vides
747 1275 813 1362 lib.
827 1277 868 1337 X.
891 1297 924 1358 p.
936 1281 1009 1356 454.
1023 1280 1049 1340 d.

84 1377 160 1441 ,eei
187 1370 392 1456 Ἐπίχαρμος
413 1363 450 1435 d
471 1373 503 1436 ἐν
533 1375 715 1458 Προμηθεῖ
736 1366 934 1458 εὕωνέςερόν-
955 1401 1050 1460 φησι.

101 1479 175 1538 Mox
197 1486 306 1539 autem
328 1474 478 1557 sequitur
497 1475 686 1536 'convivinm
701 1475 775 1547 satis
792 1476 977 1558 opiparum.
1005 1480 1048 1540 Eo

101 1575 191 1638 enim
211 1581 347 1658 'spectat
367 1571 565 1650 versiculus,
594 1573 658 1656 ‘qui
680 1580 728 1634 est
749 1573 837 1656 apud
859 1575 980 1661 Athen.
1004 1578 1047 1637 lll.

99 1695 131 1756 p.
154 1673 203 1740 86
226 1695 254 1736 5.
295 1671 343 1732 lbi
367 1670 453 1744 enim
476 1672 689 1740 convivarum
713 1671 828 1756 aliquis
850 1657 1048 1736 concharum

98 1771 322 1866 magnitudine
345 1769 528 1846 delectatus
545 1772 588 1832 ita
610 1771 782 1833 exclamat:

24 1925 26 1932 s
128 1859 208 1934 ‘Teia'
227 1866 366 1933 τελλίναν
385 1889 440 1932 τον
458 1871 486 1930 τ
498 1861 652 1968 dvepr’ruv
667 1865 774 1933 θᾶσαι
792 1871 831 1993 dri
850 1895 904 1934 και
899 1847 1020 1949 -le'riug

60 2037 63 2041 ,
129 1964 250 2043 ὛΟσσι.
477 1989 479 1992 ·
1012 2026 1015 2030 ,

96 2075 223 2155 Neque
237 2070 278 2132 ad
307 2079 495 2154 potatorem
523 2093 590 2132 non
623 2069 750 2134 referes
775 2071 927 2133 alterum
937 2017 1049 2136 huius-

96 2170 187 2260 modi
209 2169 445 2266 haginentum,
477 2170 568 2252 quod
589 2170 776 2232 asservavit
784 2169 901 2232 Pollux
931 2172 988 2236 lib
1009 2173 1047 2232 X.

96 2291 124 2332 c.
137 2254 186 2337 lla.
218 2269 305 2354 55ρά
328 2269 437 2351 μέντοι
450 2263 683 2357 Ἐπιχαρμῳ
667 2291 705 2334 εν
714 2273 866 2352 Πυρκαεῑ
876 2273 1055 2356 Recepta*

81 2371 152 2432 *unt
172 2391 252 2446 κατα
273 2369 330 2450 τῆν
351 2361 557 2452 ἀνθρωπίνην
576 2363 697 2451 χρῆσιν
718 2367 900 2451 εἴρηται
957 2411 961 2418 ·

134 2462 285 2567 Kltrna,
305 2465 444 2548 propelle,
472 2462 599 2552 λύχνον.

94 2568 128 2628 ln
153 2543 254 2628 altera
275 2575 384 2630 autem
403 2575 497 2648 parte
519 2586 627 2627 sermo
651 2585 719 2628 esse
742 2565 884 2627 debebat
905 2565 946 2636 de
959 2569 1050 2629 Deu-

94 2665 246 2742 calionis,
270 2657 472 2748 quiPrumet
473 2665 525 2724 hei
548 2664 633 2725 filius
656 2673 728 2726 erat
749 2673 782 2724 et
792 2663 940 2748 Pyrrhae
965 2688 1050 2775 nup-

90 2765 162 2841 tiis,
192 2763 290 2848 alque
323 2763 364 2824 de
395 2741 565 2842 universa,
602 2785 687 2845 quae
715 2764 789 2824 istas
812 2763 941 2845 nuptia's
976 2787 1050 2831 mox

91 2872 225 2946 sequuta
249 2871 313 2940 est,
338 2855 679 2945 hominurnpernicie.
707 2863 754 2922 Cf
769 2862 919 2945 Apollod
932 2863 1040 2924 bibbl

91 2987 120 3048 7.
146 2987 169 3023 r.
212 2965 309 3048 Magis
342 2965 431 3046 enim
452 2962 656 3047 magisq'ue
645 2983 683 3026 ,ι5
707 2961 774 3024 dies
796 2977 873 3046 gens
902 2963 1050 3036 humana

79 3065 121 3138 in
135 3063 287 3138 libidines
307 3071 340 3124 et
355 3065 555 3146 impietatem
573 3061 819 3146 praecipitabat
863 3063 955 3124 Hanc
970 3085 1047 3126 vero

89 3163 257 3223 scelestam
279 3160 454 3251 hominum*
466 3155 701 3224 ‘conditionem
718 3161 918 3244 lepidissime
934 3162 1050 3224 adum-

16 3321 18 3326 ,
87 3261 196 3321 brevit
217 3270 315 3341 poeta
338 3282 397 3337 eo,
421 3260 512 3342 quod
535 3282 632 3344 quam
653 3251 814 3342 plurimos
836 3281 911 3322 aere
935 3261 1047 3322 alieno

66 3351 67 3354 '
89 3359 265 3418 obstrictos
290 3358 425 3441 quidem
447 3379 536 3434 esee,
566 3358 623 3420 sed
647 3357 758 3422 nil—ab
780 3359 823 3420 eis
845 3359 943 3422 reddi
967 3359 1048 3422 con-

10 3527 12 3536 ,
64 3454 70 3465 '
88 3467 284 3540 querentem
317 3457 459 3541 aliquem
489 3457 575 3538 fecit
596 3492 600 3508 ι
618 3459 665 3520 lta
687 3457 775 3520 enim
787 3489 790 3494 ·
802 3469 919 3548 auctor
938 3460 1046 3546 Etym.
