2210 3792
536 71 608 141 282

501 155 644 190 -ι-ι---ιήιΙ

95 261 166 316 rata
187 252 249 315 hac
270 253 400 317 fabulae
422 253 568 318 editione
590 254 773 316 Athenaeus
796 254 913 316 lihtlll.
935 279 1050 338 prro.

95 353 129 414 h.
166 346 370 438 Ἐπύςαρμος
399 355 433 418 δὲ
453 355 486 418 ἐν
499 350 607 437 Ἥβης
632 351 723 440 γάμῳ
752 349 812 418 κᾶν
831 353 989 432 Μούσαις
1012 393 1053 406 -

96 453 188 514 τοῦτὸ
211 452 429 535 desidorium
452 448 606 536 διασκευή
629 454 678 525 ἐςι
697 453 755 516 τοῦ
776 451 985 536 προκειμένου
999 487 1051 530 7-

92 540 200 631 ilperev
221 549 384 614 ἐκτίθεται
403 549 491 635 γένη.
534 537 580 614 Cl.
604 554 785 614 Casaubon.
818 559 885 612 not
908 550 949 612 ad
972 552 1006 642 h.
1030 552 1049 610 l.

96 648 394 732 Schweighaeuser.
417 651 514 712 anim.
536 659 613 712 tom.
636 650 819 732 111.p.263.
854 649 1050 710 Emendavit

95 751 195 834 igitur
216 751 358 812 fabulam
378 752 592 833 Epicharmus
599 735 625 828 ,Η
639 759 811 833 postquam
839 751 955 832 priore
978 751 1046 811 eius

96 848 241 910 editione
264 850 544 932 tanquam,prima
573 849 606 908 in
625 848 810 910 comoediis
831 849 1046 932 perscriben·
1100 897 1101 908 ,

96 946 145 1008 dis
166 946 352 1014 rudimenta
374 949 500 1030 posuit,
531 947 705 1030 postmodo
729 947 792 1024 ita,
823 955 937 1014 ut‘uut
959 947 1046 1008 omni
1099 933 1101 970 l

95 1058 287 1134 argumento
310 1061 365 1113 aut
385 1051 511 1133 aliquot
532 1051 599 1110 eius
622 1049 815 1132 particulis„
831 1071 918 1132 vquae
941 1052 1046 1118 minus
1074 1107 1077 1110 .
1100 1029 1101 1084 l

93 1135 303 1232 placuissenl,
332 1149 670 1222 limamadmoveret.
713 1147 781 1210 Nisi
806 1150 876 1230 quis
905 1149 970 1210 hoc
1000 1148 1047 1209 di·
1100 1165 1101 1214 i

95 1255 163 1324 eet,
196 1247 339 1312 fabulam
359 1248 443 1310 hanc
465 1247 640 1330 tantopere
661 1231 777 1326 Siculis
800 1247 979 1329 placuisse,
1014 1255 1048 1307 ut
1098 1311 1101 1354 l

92 1347 307 1428 Epicharmus
329 1367 401 1410 eam
420 1349 542 1412 iterum
569 1347 611 1410 ad
632 1347 786 1412 incudem
807 1356 995 1414 revocatam
1016 1358 1046 1408 et
1100 1357 1101 1374 ³

94 1443 338 1531 diligentissime
359 1447 553 1532 ,expolitam
574 1447 685 1508 denuo
719 1445 871 1508 ediderit.
916 1445 982 1508 Sed
1005 1467 1042 1508 co

92 1547 231 1607 consilio
254 1548 431 1628 scriptores
454 1546 587 1630 quidem
608 1547 799 1630 prosarios,
832 1567 941 1630 neque
964 1567 1042 1608 vero

93 1644 279 1709 fabularum
301 1653 452 1708 auctores
481 1645 522 1708 ad
545 1666 648 1726 opera
675 1667 731 1705 sua
753 1647 902 1707 iteratam
923 1646 1045 1728 politu-

94 1765 165 1810 ram
197 1742 382 1830 adhibuisse
414 1743 493 1806 scio.
544 1743 641 1828 Unde
674 1743 807 1810 demum
831 1745 978 1821 venerit,
1009 1752 1044 1806 ut

96 1845 210 1927 priore
237 1841 365 1906 fabulae
395 1844 530 1908 nomine
561 1829 777 1908 non'servato
801 1847 906 1909 Musas
929 1845 1045 1909 dixerit

75 1943 233 2014 alteram
256 1945 326 2005 eius
348 1943 768 2025 editionemEpicharmus,
792 1945 955 2028 explicare
977 1965 1043 2004 nou

98 2053 147 2108 est
176 2045 315 2106 difficile.
364 2046 524 2114 Nimirum
553 2047 675 2123 Musas,
712 2067 794 2128 quae
828 2045 1044 2128 piscatricium

98 2161 254 2228 personas
276 2139 496 2222 sustinebant,
521 2145 553 2206 in
578 2145 687 2223 fabula
704 2144 847 2227 primum
868 2143 956 2206 edita
977 2166 1043 2206 nou

99 2245 316 2330 comparuisse
340 2253 382 2304 ut*
397 2245 546 2308 censearh
569 2246 678 2306 animo
702 2267 766 2306 non
792 2243 956 2308 inducam.
989 2245 1043 2306 Al-

98 2353 170 2406 tera
196 2345 300 2428 igitur
328 2344 475 2406 editione
503 2354 611 2429 partes
631 2346 701 2408 illas
723 2345 876 2424 maxime,
900 2366 984 2428 quae
1006 2344 1044 2406 ad

98 2446 210 2506 Musas
233 2445 460 2526 pertinebant,
484 2445 539 2504 ille
565 2445 609 2506 ita
634 2443 836 2520 emendavit,
859 2453 896 2504 ut
916 2443 1043 2526 plenio-

98 2563 150 2604 res
172 2544 305 2620 fierent,
334 2552 367 2605 et
388 2543 566 2604 iocosiorcs
595 2552 628 2604 et
653 2542 695 2609 ud
717 2551 823 2606 totum
843 2543 973 2606 fabulae
995 2565 1044 2605 ar·

98 2658 288 2730 gumentum
310 2648 407 2732 magis
424 2647 702 2712 accommodatae.

158 2746 281 2808 Nullius
304 2745 373 2807 fere
396 2744 830 2827 comoediaeEpicharmeae
852 2753 942 2808 tanta
963 2744 1045 2828 frag·
1097 2789 1098 2806 1

3 2925 4 2928 Ἴ
98 2855 286 2910 mentorum
304 2847 417 2928 copia,
442 2856 560 2930 quanta
582 2845 677 2908 huius
700 2848 875 2907 etiamnum
890 2852 1044 2926 superest.

80 2947 191 3008 'Unus
214 2947 302 3018 enim
322 2948 507 3010 Athenaeus
528 2948 600 3028 plus
624 2946 837 3030 quadraginta
858 2947 1044 3020 asservavit,

2 3062 24 3139 1Ὶ
101 3050 218 3130 quibus
248 3057 339 3110 etex
360 3047 429 3108 aliis
451 3049 640 3135 auctoribus
668 3044 795 3128 aliquot
816 3045 938 3108 addere
960 3045 1044 3105 licet.

2 3142 7 3334 ι
97 3149 166 3218 Sed
194 3149 326 3226 nescio,
355 3172 418 3234 que
447 3149 531 3210 mala
551 3157 638 3208 sorte
662 3145 839 3220 acciderit,
874 3154 910 3205 ut
931 3152 1044 3205 cuucta
1096 3237 1097 3240 Ἴ

101 3249 171 3309 fere
204 3247 259 3308 illa
290 3256 323 3308 et
353 3248 392 3309 ab
415 3247 589 3314 Athenaeo¹
615 3253 648 3304 et
677 3243 716 3305 ab
745 3241 813 3302 aliis
845 3241 940 3304 allata
962 3241 1045 3325 trag-

102 3356 210 3410 menta
232 3345 385 3407 adunam
407 3345 595 3408 comoediae
608 3351 713 3405 actum
733 3363 872 3424 eumque
896 3342 1045 3402 ultimum

2 3482 8 3549 Ι
101 3439 307 3527 pertineant,
341 3465 405 3528 quo
439 3445 598 3528 nuptiales
621 3441 731 3505 Hebae
761 3441 877 3524 epulae
912 3435 1046 3506 fuerunt

2 3579 146 3720 Ἰ
