2266 3802
514 89 657 206 u..
738 99 744 134 .
855 105 859 116 ’

69 281 82 290 “
105 289 334 369 argumentum
344 281 539 352 comoediae
549 291 646 348 antea
657 259 840 375 dispersae,
851 285 890 346 ab
899 283 1089 368 Epichams

105 405 158 444 mo
176 393 284 446 autem
303 387 471 445 restitutae
491 383 764 466 itaprocedebat.
791 383 1065 466 Jupiterlnnoni

106 471 226 560 iratus,
250 481 339 566 quod
362 483 430 546 lilio
453 483 555 566 ipsius
576 481 707 546 insidias
729 486 903 562 struxerit,
936 485 1069 548 Vulca-

107 604 186 644 num
207 583 322 645 sellam
342 581 500 644 fabricari
519 583 628 661 iubet,
650 584 743 646 ouius
761 575 900 648 vinculis
916 585 1071 668 superba

106 682 168 742 ista
189 681 276 744 coeli
298 682 411 762 regina
433 681 606 764 adligetur.
649 682 838 765 Utrumque
860 697 985 744 summa
1009 705 1072 744 re.

105 778 231 863 ligione
265 777 363 844 efficit
394 778 529 842 sedulus
556 781 612 843 ille
641 779 876 864 Olympiorum
903 779 1071 842 minister.

105 880 233 942 Varum
259 901 334 958 mor
364 864 601 944 coelicolriurn
630 881 732 965 aliqui
762 881 802 944 ad
824 883 992 942 lunonem
1014 881 1075 942 iu-

105 981 263 1050 nondam¹
283 983 455 1046 accedunt.
505 983 623 1044 Oritur
655 982 733 1047 inde
775 991 942 1045 certamen
974 983 1075 1046 iuter

107 1103 180 1158 eos,
213 1081 270 1164 qui
290 1081 396 1144 deam
425 1081 569 1162 vinculis
596 1081 726 1144 soluere
752 1081 885 1144 student
914 1089 947 1142 et
975 1081 1075 1144 iuter

48 1179 52 1191 “
94 1183 198 1260 illos,
227 1204 311 1268 quos
338 1180 548 1245 admirabile
558 1181 642 1244 illud
664 1161 889 1265 spectaculum
910 1181 1071 1244 delectat.

105 1281 148 1347 Hi
169 1279 464 1360 tandemccdunt,
496 1281 657 1344 othonus
679 1280 849 1342 Vulcanus
876 1281 916 1341 ab
945 1277 1075 1342 adver-

106 1381 201 1444 sariis
232 1381 277 1442 ita
308 1388 459 1458 vexatur,
492 1388 531 1443 nt
557 1380 652 1477 inops
682 1379 818 1441 consilii
845 1399 883 1440 ex
917 1379 1072 1462 Olympo

106 1501 244 1564 prorsus
261 1482 356 1544 abeat
374 1481 499 1567 atque
490 1503 524 1554 ιιι
540 1483 704 1547 Lemnum
718 1501 809 1542 suam
823 1479 1074 1564 proficiscatur.

106 1581 345 1644 Verumtamen
375 1581 508 1643 vixdum
536 1579 737 1664 aliquamdiu
758 1581 864 1656 abest,
894 1600 974 1660 cnm
998 1580 1074 1644 ioci

108 1682 178 1756 eius
201 1690 235 1764 et
255 1680 437 1764 petulantia
460 1680 610 1742 facinora
621 1679 661 1742 ab
673 1678 833 1764 Olympiis
849 1655 1076 1744 vehementer

109 1774 348 1843 desiderantur.
394 1779 545 1858 Quiaest
566 1777 676 1855 enim,
699 1778 766 1862 ¹qui
787 1777 937 1855 nesciat,
971 1777 1077 1842 illum

107 1880 174 1940 iam
191 1877 278 1961 apud
290 1878 473 1970 Homerum
487 1897 622 1941 scurrae
639 1875 748 1960 partes
768 1877 890 1960 egisse?
921 1877 1076 1940 Bacchus

20 1993 30 2009 ⁸
108 1977 208 2063 igitur
230 1979 380 2062 unanimi
401 1979 541 2040 deorum
562 1977 741 2040 consilio
732 1999 765 2038 ιιι
795 1987 900 2038 terras
923 1977 1078 2040 demitti-

109 2086 182 2156 tur,
216 2079 273 2162 qui
295 2055 482 2142 Vulcanum
503 2077 665 2142 reducere
687 2076 828 2142 studeat.
868 2078 969 2162 Negat
993 2075 1082 2139 illo'

107 2176 340 2262 vehementer
350 2177 593 2241 sareditarum
621 2197 690 2240 esse
714 2184 819 2260 negat
863 2174 929 2241 Sed
953 2143 1075 2242 unani

99 2281 250 2364 *praebet
271 2281 370 2361 alter,
386 2301 461 2365 quo
484 2281 595 2342 ebrius
617 2281 722 2340 factus·
744 2278 911 2340 Vulcanus
934 2280 1075 2344 consilii
1103 2281 1107 2292 '

111 2381 199 2463 eapti
220 2399 356 2464 prorsus
371 2379 588 2442 obliviscitur.
621 2378 750 2448 Adsunt
769 2376 890 2438 Bacchi
912 2375 1075 2460 comites,

111 2480 225 2543 festiva
253 2481 448 2564 Satyrorum
477 2479 583 2576 turba
626 2475 809 2539 Tollitur
801 2498 835 2538 ιιι
857 2477 984 2538 asinum
1007 2477 1079 2539 bo-

111 2600 172 2642 nus
183 2579 369 2656 Vulcanus,
392 2585 427 2640 et
439 2565 566 2644 nescius
582 2577 754 2664 prolect03
775 2597 847 2682 quo
857 2575 1000 2642 tendat
991 2585 1074 2690 iter,

112 2679 147 2740 in
170 2679 350 2763 Olympum
372 2677 551 2760 revehitur.
590 2701 591 2704 ¹

63 2783 65 2790 '
133 2781 270 2852 Bene
285 2779 458 2840 nobiscum
480 2765 677 2858 autument,
702 2779 792 2866 quod
813 2787 864 2842 tot
885 2781 1074 2843 etiamnum

112 2885 241 2966 priscae
256 2880 470 2948 Dorieusinrn
492 2881 683 2943 comoediae
706 2866 884 2964 supersunt
904 2879 1076 2964 reliquiae

113 2985 179 3045 sive
194 2985 333 3063 indicia,
352 2994 389 3046 nt
401 2985 490 3046 inter
501 2976 707 3044 comoediam
720 2981 808 3046 illam
820 2982 862 3042 ab
869 2979 1090 3062 Epicharmo.

111 3085 337 3146 artificiosius
343 3059 504 3146 excultam
526 3091 560 3146 et
580 3083 668 3144 inter
690 3081 759 3142 cius
781 3079 886 3140 initia
898 3099 1078 3160 compara-

9 3219 10 3222 *
115 3185 166 3246 tio
199 3185 326 3246 institui
357 3177 515 3268 poluerit.
560 3185 652 3262 Qua,
679 3179 771 3266 quod
792 3179 898 3241 modo
917 3170 1076 3255 lecimus,

9 3303 10 3310 ¹
114 3285 278 3362 instituta,
295 3285 374 3348 runl
389 3284 490 3361 eliis,
504 3284 560 3366 qui
576 3281 676 3366 primi
689 3280 814 3344 fabulas
837 3279 908 3340 illas
921 3279 1076 3342 minutas

114 3373 165 3447 cl
180 3387 386 3470 imperfectas
426 3385 526 3447 edere
562 3379 775 3465 inceperint,
815 3391 848 3445 el
877 3381 1078 3444 comoediae

9 3501 11 3540 ἰ
115 3499 230 3572 postca
254 3490 401 3570 eupultae
424 3486 615 3552 auctoribus
644 3486 687 3549 sit
708 3477 943 3564 tribuendum,
976 3487 1079 3550 nemo
