2210 3792
451 88 639 232 ‚Q

64 328 126 374 rura
157 313 399 393 comprobatio,
433 321 470 372 ut
505 314 537 376 ia
577 311 720 393 quamvis
753 311 826 390 fere
857 307 999 374 fabulam

62 407 163 468 denuo
200 412 406 476 introductae
447 413 523 486 illis,
562 434 647 498 quas.
680 413 774 471 statas
807 408 1027 471 couroediae‘

61 525 222 586 personas.
238 500 357 574 dicere
384 527 471 571 stunc
503 509 751 586 consuevimus,
776 505 999 576 adnumerari

61 596 182 683 quotins.
233 609 427 674 Huiusmodi
470 619 831 691 autemrpersonarnm
872 605 1002 694 aliquot

61 701 309 788 descriptionem
336 709 555 774 felicissimam
578 711 726 792 :primum
754 711 817 773 iam
836 705 1000 789 Epichar-

60 821 141 863 mum
173 815 312 874 tentasse
335 811 428 885 scias,
463 808 623 892 siquidem
649 807 684 871 in
707 806 906 892 paucissimis
930 806 1000 870 eius

58 899 196 988 reliquiis
218 907 295 972 bina
318 917 425 972 tamea
448 906 725 988 earumexempla
743 903 1004 989 deprehendam

58 1007 115 1065 tm·
159 1006 269 1074 Altera
290 1009 390 1094 igitur
412 1016 461 1072 est
481 1027 624 1090 persona
646 1007 784 1071 bominis
808 1005 900 1071 ebrii.
946 1003 1002 1067 Ni

59 1103 170 1169 rnirum
202 1111 336 1175 multam
368 1131 444 1172 sane
474 1111 617 1200 praebet
647 1109 902 1172 delectationem
934 1106 1000 1168 sive
1038 1141 1050 1178 ι,

57 1207 158 1281 potius
186 1199 318 1274 ridendi
339 1211 508 1274 materiam
539 1211 681 1276 hominis
708 1208 863 1306 inebriati
884 1205 1003 1273 condis·

58 1300 117 1380 1¹⁰,
141 1307 277 1395 eiusque
298 1311 559 1394 'repraesentatio
582 1332 631 1371 eo
627 1309 757 1392 magis
766 1333 786 1375 a
806 1306 999 1382 comoediae

57 1407 156 1498 poetis
190 1411 403 1494 comprobari
435 1411 550 1486 debet,
585 1433 685 1496 quum
714 1410 803 1472 io'oos
834 1428 1000 1492 nugasque

20 1525 22 1530 ’
56 1503 200 1580 variandi
214 1512 382 1577 mammam
395 1509 583 1596 suppeditet
595 1509 885 1594 opportunitatem.
913 1507 1003 1571 luter

56 1613 163 1680 Poetae
193 1611 336 1672 comicos
360 1630 454 1686 vero,
487 1631 562 1669 nam
584 1609 616 1669 in
640 1605 809 1692 tragoedia
831 1605 919 1668 idem
939 1605 1003 1668 iam

56 1700 228 1790 Aeschylus
251 1707 392 1786 fecerat,
418 1709 507 1788 inter
528 1701 680 1768 comicos
694 1707 830 1792 inquam
842 1701 1005 1788 Epichara

56 1816 121 1860 mus
152 1808 276 1890 primus
310 1806 440 1872 ebrium
467 1808 500 1864 in
524 1825 672 1874 scaenam
694 1805 837 1880 induxit,
867 1803 1004 1889 eiusque

58 1905 236 1992 exemplum
258 1928 332 1970 mox
353 1915 401 1966 est
422 1903 702 1994 sequutueCrdtels
723 1904 778 1967 ille
793 1903 1001 1965 Atheniensis

54 2001 132 2062 teste
155 2007 325 2069 Athenaeo
347 2009 386 2081 X.
407 2029 440 2092 Ρ
433 2009 521 2088 429
539 2029 565 2066 a
592 1999 751 2124 dpeoodot'
765 2029 797 2068 rr
820 1999 849 2066 ol
863 1995 1002 2086 λέγοντες

55 2099 174 2178 πρῶτον
186 2099 336 2186 Επίχαρι
337 2127 384 2166 ιον
395 2129 446 2171 aar
457 2126 516 2186 equ
526 2125 646 2186 σκηνην
657 2125 872 2192 uapuyuyasr
859 2098 1003 2180 μεθύον

53 2214 105 2271 τα,
133 2207 211 2282 μεθ’
241 2199 275 2266 ὃν
295 2193 488 2288 Kpdrqru
473 2225 506 2268 εν
527 2202 589 2269 Γ
556 2225 681 2266 arrosus
723 2206 798 2282 Quo
820 2202 977 2286 quidem
969 2223 1004 2265 m

54 2291 125 2364 ¹⁰00
148 2307 352 2374 cmuoediam
371 2329 438 2371 nou
458 2305 578 2370 diserte
591 2306 745 2384 indicavit
755 2306 938 2370 Athenaeus
949 2305 1003 2381 ,iu

53 2415 147 2475 quem
167 2405 383 2488 Epicharmus
407 2407 497 2468 illam
519 2389 604 2469 ebrii
626 2427 803 2490 personam
815 2403 999 2468 induxerit.

51 2493 177 2604 Neque
188 2527 267 2568 vero
296 2514 344 2568 est
375 2505 609 2582 dubitandum,
644 2507 724 2590 quin
748 2504 782 2567 id
804 2503 861 2565 ille
884 2503 1003 2570 fecerit

51 2613 82 2652 ¹¹¹
114 2581 295 2666 eoinoediis
326 2605 562 2688 compluribus
613 2605 766 2690 ltaque
757 2625 791 2665 ιιι
822 2602 885 2664 illis
917 2601 1000 2666 adeo

52 2683 189 2782 sabulis,
224 2725 302 2788 quas
334 2703 374 2766 ad
396 2729 425 2768 m
429 2704 629 2788 ythologicus
652 2702 911 2768 adnumerandus
934 2723 1002 2764 esse
1079 2719 1082 2742 ι’

52 2789 131 2876 diri,
156 2803 255 2865 deis
247 2804 321 2889 apsis
345 2812 377 2865 et
398 2803 557 2867 heroibus
579 2809 734 2885 personas
758 2801 960 2864 ebriorum
951 2823 1004 2862 rn-

51 2847 282 2984 iungere'non
312 2903 481 2964 dubitavit.
527 2903 631 2982 Quale
655 2901 719 2980 est,
743 2901 842 2986 quod
863 2901 898 2966 'tu
920 2901 1006 2965 vat.

51 3012 134 3062 cano
146 3012 178 3064 et
190 3003 473 3079 Comissatoribus‚
497 3026 570 3066 cum
586 3012 685 3066 totam
699 3003 837 3066 deorum
849 3005 1003 3086 pompam
1077 2999 1080 3088 J

51 3095 127 3160 vino
160 3111 368 3185 correptam,
410 3111 480 3164 tum
513 3103 648 3166 maxime
683 3105 789 3186 ipsum
818 3101 1004 3166 Vulcanum
1078 3109 1079 3118 ’

51 3202 183 3280 crapula
216 3201 497 3266 vehementissima
527 3191 734 3265 laborantem
767 3188 800 3263 iri
823 3201 1009 3285 Olympum·
1075 3271 1076 3276 ἵ

1077 3119 1079 3155 ι

1073 3165 1078 3242 l

1073 3247 1078 3295 l

52 3297 165 3364 reduci
187 3303 273 3366 feeit.
316 3305 428 3388 Neque
452 3303 513 3364 alia
536 3305 672 3368 fortasse
702 3301 1003 3364 conditioniloo-

50 3396 135 3461 tatae
159 3411 247 3478 erat,
271 3419 370 3486 quum
392 3396 555 3468 laudes
527 3404 593 3466 vini
616 3403 789 3468 versiculo
796 3401 1004 3487 praedicaret
1042 3433 1076 3504 ιἱ

50 3486 269 3580 lepidissimm
