<?xml version="1.0" encoding="UTF-8"?>
<!DOCTYPE html PUBLIC "-//W3C//DTD XHTML 1.0 Transitional//EN"
    "http://www.w3.org/TR/xhtml1/DTD/xhtml1-transitional.dtd">
<html xmlns="http://www.w3.org/1999/xhtml" xml:lang="en" lang="en">
 <head>
  <title>
</title>
<meta http-equiv="Content-Type" content="text/html;charset=utf-8" />
  <meta name='ocr-system' content='tesseract 3.04.00' />
  <meta name='ocr-capabilities' content='ocr_page ocr_carea ocr_par ocr_line ocrx_word'/>
</head>
<body>
  <div class='ocr_page' id='page_1' title='image "./dedoriensiumcom01grysgoog_0175.png"; bbox 0 0 2210 3798; ppageno 0'>
   <div class='ocr_carea' id='block_1_1' title="bbox 491 79 713 196">
    <p class='ocr_par' dir='ltr' id='par_1_1' title="bbox 491 79 713 196">
     <span class='ocr_line' id='line_1_1' title="bbox 491 79 713 196; baseline -0.005 -39"><span class='ocrx_word' id='word_1_1' title='bbox 491 79 713 196; x_wconf 37' lang='lat' dir='ltr'><strong>„us-2</strong></span> 
     </span>
    </p>
   </div>
   <div class='ocr_carea' id='block_1_2' title="bbox 13 261 1053 3552">
    <p class='ocr_par' dir='ltr' id='par_1_2' title="bbox 13 261 1053 3552">
     <span class='ocr_line' id='line_1_2' title="bbox 56 261 1053 360; baseline 0.008 -22"><span class='ocrx_word' id='word_1_2' title='bbox 56 297 60 308; x_wconf 74' lang='grc'><em>’</em></span> <span class='ocrx_word' id='word_1_3' title='bbox 83 277 225 340; x_wconf 82' lang='lat' dir='ltr'><strong>tradunt</strong></span> <span class='ocrx_word' id='word_1_4' title='bbox 268 277 364 340; x_wconf 87' lang='lat' dir='ltr'><strong>Hune</strong></span> <span class='ocrx_word' id='word_1_5' title='bbox 387 261 480 339; x_wconf 33' lang='lat' dir='ltr'><strong>enim*</strong></span> <span class='ocrx_word' id='word_1_6' title='bbox 498 276 683 340; x_wconf 87' lang='lat' dir='ltr'><strong>litterarum</strong></span> <span class='ocrx_word' id='word_1_7' title='bbox 707 279 747 341; x_wconf 88' lang='lat' dir='ltr'><strong>ab</strong></span> <span class='ocrx_word' id='word_1_8' title='bbox 771 280 808 360; x_wconf 82' lang='lat' dir='ltr'><strong>iis</strong></span> <span class='ocrx_word' id='word_1_9' title='bbox 829 282 1053 346; x_wconf 86' lang='lat' dir='ltr'><strong>inventarum</strong></span> 
     </span>
     <span class='ocr_line' id='line_1_3' title="bbox 83 372 1049 464; baseline 0.004 -26"><span class='ocrx_word' id='word_1_10' title='bbox 83 399 321 438; x_wconf 83' lang='lat' dir='ltr'><strong>numerumex</strong></span> <span class='ocrx_word' id='word_1_11' title='bbox 353 376 440 439; x_wconf 88' lang='lat' dir='ltr'><strong>hisee</strong></span> <span class='ocrx_word' id='word_1_12' title='bbox 467 377 664 450; x_wconf 84' lang='lat' dir='ltr'><strong>¹testimoniis</strong></span> <span class='ocrx_word' id='word_1_13' title='bbox 702 380 869 442; x_wconf 86' lang='lat' dir='ltr'><strong>conficere</strong></span> <span class='ocrx_word' id='word_1_14' title='bbox 902 372 1049 464; x_wconf 88' lang='lat' dir='ltr'><strong>poteris.</strong></span> 
     </span>
     <span class='ocr_line' id='line_1_4' title="bbox 82 471 1050 564; baseline 0.001 -24"><span class='ocrx_word' id='word_1_15' title='bbox 82 478 130 540; x_wconf 88' lang='lat' dir='ltr'><strong>Cf.</strong></span> <span class='ocrx_word' id='word_1_16' title='bbox 142 476 309 550; x_wconf 70' lang='lat' dir='ltr'><strong>Ptintsist.</strong></span> <span class='ocrx_word' id='word_1_17' title='bbox 324 477 388 537; x_wconf 84' lang='lat' dir='ltr'><strong>nat.</strong></span> <span class='ocrx_word' id='word_1_18' title='bbox 400 473 467 554; x_wconf 71' lang='lat' dir='ltr'><strong>Vll.</strong></span> <span class='ocrx_word' id='word_1_19' title='bbox 477 475 526 560; x_wconf 81' lang='lat'><strong>57.</strong></span> <span class='ocrx_word' id='word_1_20' title='bbox 549 475 720 556; x_wconf 83' lang='lat' dir='ltr'><strong>Villo-ison.</strong></span> <span class='ocrx_word' id='word_1_21' title='bbox 744 471 858 550; x_wconf 75' lang='lat' dir='ltr'><strong>anecd.</strong></span> <span class='ocrx_word' id='word_1_22' title='bbox 881 501 994 564; x_wconf 82' lang='lat' dir='ltr'><strong>graec.</strong></span> <span class='ocrx_word' id='word_1_23' title='bbox 1008 483 1050 541; x_wconf 88' lang='lat' dir='ltr'><strong>ll.</strong></span> 
     </span>
     <span class='ocr_line' id='line_1_5' title="bbox 82 573 1051 662; baseline 0.004 -26"><span class='ocrx_word' id='word_1_24' title='bbox 82 600 114 662; x_wconf 90' lang='lat' dir='ltr'><strong>p.</strong></span> <span class='ocrx_word' id='word_1_25' title='bbox 141 585 205 660; x_wconf 79' lang='lat'><strong>187.</strong></span> <span class='ocrx_word' id='word_1_26' title='bbox 229 575 345 660; x_wconf 82' lang='lat' dir='ltr'><strong>Hygin.</strong></span> <span class='ocrx_word' id='word_1_27' title='bbox 368 573 432 635; x_wconf 86' lang='lat' dir='ltr'><strong>fab.</strong></span> <span class='ocrx_word' id='word_1_28' title='bbox 456 593 524 658; x_wconf 82' lang='lat'><strong>277.</strong></span> <span class='ocrx_word' id='word_1_29' title='bbox 548 575 783 652; x_wconf 60' lang='lat' dir='ltr'><strong>Cedren.,hist.</strong></span> <span class='ocrx_word' id='word_1_30' title='bbox 804 599 913 660; x_wconf 86' lang='lat' dir='ltr'><strong>comp.</strong></span> <span class='ocrx_word' id='word_1_31' title='bbox 923 599 957 659; x_wconf 89' lang='lat' dir='ltr'><strong>p.</strong></span> <span class='ocrx_word' id='word_1_32' title='bbox 977 582 1051 657; x_wconf 67' lang='lat'><strong>143.</strong></span> 
     </span>
     <span class='ocr_line' id='line_1_6' title="bbox 81 673 1052 762; baseline 0.002 -24"><span class='ocrx_word' id='word_1_33' title='bbox 81 677 208 738; x_wconf 86' lang='lat' dir='ltr'><strong>Verum</strong></span> <span class='ocrx_word' id='word_1_34' title='bbox 235 695 309 734; x_wconf 91' lang='lat' dir='ltr'><strong>cum</strong></span> <span class='ocrx_word' id='word_1_35' title='bbox 329 674 391 734; x_wconf 86' lang='lat' dir='ltr'><strong>iam</strong></span> <span class='ocrx_word' id='word_1_36' title='bbox 412 673 445 733; x_wconf 88' lang='lat' dir='ltr'><strong>in</strong></span> <span class='ocrx_word' id='word_1_37' title='bbox 467 674 692 756; x_wconf 74' lang='lat' dir='ltr'><strong>antiquissimis</strong></span> <span class='ocrx_word' id='word_1_38' title='bbox 714 681 932 744; x_wconf 83' lang='lat' dir='ltr'><strong>monumentis</strong></span> <span class='ocrx_word' id='word_1_39' title='bbox 953 699 1052 762; x_wconf 77' lang='lat' dir='ltr'><strong>qua-</strong></span> 
     </span>
     <span class='ocr_line' id='line_1_7' title="bbox 80 774 1052 862; baseline -0.001 -22"><span class='ocrx_word' id='word_1_40' title='bbox 80 775 245 840; x_wconf 87' lang='lat' dir='ltr'><strong>tuorillae</strong></span> <span class='ocrx_word' id='word_1_41' title='bbox 261 774 448 850; x_wconf 66' lang='lat' dir='ltr'><strong>litteraed,</strong></span> <span class='ocrx_word' id='word_1_42' title='bbox 470 797 554 857; x_wconf 65' lang='lat' dir='ltr'><strong>W.</strong></span> <span class='ocrx_word' id='word_1_43' title='bbox 530 774 636 854; x_wconf 44' lang='grc' dir='ltr'><strong>μζ</strong></span> <span class='ocrx_word' id='word_1_44' title='bbox 628 776 805 859; x_wconf 78' lang='lat' dir='ltr'><strong>inscriptae</strong></span> <span class='ocrx_word' id='word_1_45' title='bbox 827 778 1052 862; x_wconf 83' lang='lat' dir='ltr'><strong>reperiantur</strong></span> 
     </span>
     <span class='ocr_line' id='line_1_8' title="bbox 82 838 1050 989; baseline 0 -52"><span class='ocrx_word' id='word_1_46' title='bbox 82 877 215 940; x_wconf 91' lang='lat' dir='ltr'><strong>omnino</strong></span> <span class='ocrx_word' id='word_1_47' title='bbox 239 872 421 934; x_wconf 85' lang='lat' dir='ltr'><strong>audiendus</strong></span> <span class='ocrx_word' id='word_1_48' title='bbox 449 881 496 935; x_wconf 87' lang='lat' dir='ltr'><strong>est</strong></span> <span class='ocrx_word' id='word_1_49' title='bbox 516 838 731 951; x_wconf 85' lang='lat' dir='ltr'><strong>Plutarchus,</strong></span> <span class='ocrx_word' id='word_1_50' title='bbox 762 873 819 959; x_wconf 87' lang='lat' dir='ltr'><strong>qui</strong></span> <span class='ocrx_word' id='word_1_51' title='bbox 852 897 954 989; x_wconf 44' lang='lat' dir='ltr'><strong>symp..</strong></span> <span class='ocrx_word' id='word_1_52' title='bbox 989 878 1050 938; x_wconf 84' lang='lat' dir='ltr'><strong>IX.</strong></span> 
     </span>
     <span class='ocr_line' id='line_1_9' title="bbox 81 973 1052 1059; baseline 0.002 -23"><span class='ocrx_word' id='word_1_53' title='bbox 81 983 110 1042; x_wconf 84' lang='grc'><strong>3.</strong></span> <span class='ocrx_word' id='word_1_54' title='bbox 133 999 161 1036; x_wconf 84' lang='lat'><strong>2.</strong></span> <span class='ocrx_word' id='word_1_55' title='bbox 192 975 233 1036; x_wconf 88' lang='lat' dir='ltr'><strong>ad</strong></span> <span class='ocrx_word' id='word_1_56' title='bbox 264 975 408 1036; x_wconf 85' lang='lat' dir='ltr'><strong>sedecim</strong></span> <span class='ocrx_word' id='word_1_57' title='bbox 439 975 508 1049; x_wconf 84' lang='lat' dir='ltr'><strong>illas</strong></span> <span class='ocrx_word' id='word_1_58' title='bbox 537 973 691 1036; x_wconf 85' lang='lat' dir='ltr'><strong>Cadmeas</strong></span> <span class='ocrx_word' id='word_1_59' title='bbox 719 975 863 1054; x_wconf 86' lang='lat' dir='ltr'><strong>litteras,</strong></span> <span class='ocrx_word' id='word_1_60' title='bbox 892 977 1052 1059; x_wconf 88' lang='lat' dir='ltr'><strong>primum</strong></span> 
     </span>
     <span class='ocr_line' id='line_1_10' title="bbox 13 1075 1052 1158; baseline -0.004 -16"><span class='ocrx_word' id='word_1_61' title='bbox 13 1113 14 1118; x_wconf 42' lang='lat'>1</span> <span class='ocrx_word' id='word_1_62' title='bbox 80 1075 285 1146; x_wconf 81' lang='lat' dir='ltr'><strong>Palamedem</strong></span> <span class='ocrx_word' id='word_1_63' title='bbox 307 1085 449 1158; x_wconf 87' lang='lat' dir='ltr'><strong>quatuor</strong></span> <span class='ocrx_word' id='word_1_64' title='bbox 470 1084 503 1138; x_wconf 92' lang='lat' dir='ltr'><strong>et</strong></span> <span class='ocrx_word' id='word_1_65' title='bbox 523 1075 645 1137; x_wconf 89' lang='lat' dir='ltr'><strong>deinde</strong></span> <span class='ocrx_word' id='word_1_66' title='bbox 669 1075 870 1141; x_wconf 86' lang='lat' dir='ltr'><strong>Simonidem</strong></span> <span class='ocrx_word' id='word_1_67' title='bbox 892 1087 1052 1158; x_wconf 84' lang='lat' dir='ltr'><strong>quatuor</strong></span> 
     </span>
     <span class='ocr_line' id='line_1_11' title="bbox 81 1169 1053 1260; baseline 0 -20"><span class='ocrx_word' id='word_1_68' title='bbox 81 1169 244 1252; x_wconf 73' lang='lat' dir='ltr'><strong>addidisse</strong></span> <span class='ocrx_word' id='word_1_69' title='bbox 261 1185 406 1253; x_wconf 83' lang='lat' dir='ltr'><strong>testatur.</strong></span> <span class='ocrx_word' id='word_1_70' title='bbox 448 1169 652 1258; x_wconf 77' lang='grc' dir='ltr'><em>Παλαμήδης</em></span> <span class='ocrx_word' id='word_1_71' title='bbox 675 1175 710 1241; x_wconf 74' lang='lat' dir='ltr'><strong>dd</strong></span> <span class='ocrx_word' id='word_1_72' title='bbox 730 1172 880 1260; x_wconf 73' lang='grc' dir='ltr'><strong><em>πρότερος</em></strong></span> <span class='ocrx_word' id='word_1_73' title='bbox 901 1173 1053 1259; x_wconf 76' lang='grc' dir='ltr'><em>τέτταρα</em></span> 
     </span>
     <span class='ocr_line' id='line_1_12' title="bbox 82 1265 1051 1360; baseline -0.003 -19"><span class='ocrx_word' id='word_1_74' title='bbox 82 1279 139 1341; x_wconf 85' lang='grc' dir='ltr'><strong><em>καί</em></strong></span> <span class='ocrx_word' id='word_1_75' title='bbox 168 1273 352 1356; x_wconf 70' lang='grc' dir='ltr'><em>Σιμωνίδης</em></span> <span class='ocrx_word' id='word_1_76' title='bbox 384 1265 462 1336; x_wconf 64' lang='grc' dir='ltr'><strong>ἄλλα</strong></span> <span class='ocrx_word' id='word_1_77' title='bbox 499 1276 642 1337; x_wconf 74' lang='grc' dir='ltr'><strong><em>τοσαῦτα</em></strong></span> <span class='ocrx_word' id='word_1_78' title='bbox 670 1271 895 1358; x_wconf 60' lang='lat' dir='ltr'><strong>aperteque.</strong></span> <span class='ocrx_word' id='word_1_79' title='bbox 926 1277 1051 1360; x_wconf 83' lang='lat' dir='ltr'><strong>Atque</strong></span> 
     </span>
     <span class='ocr_line' id='line_1_13' title="bbox 23 1371 1051 1459; baseline -0.002 -21"><span class='ocrx_word' id='word_1_80' title='bbox 23 1413 26 1420; x_wconf 68' lang='lat'><strong>,</strong></span> <span class='ocrx_word' id='word_1_81' title='bbox 82 1379 156 1448; x_wconf 81' lang='lat' dir='ltr'><strong>euni</strong></span> <span class='ocrx_word' id='word_1_82' title='bbox 175 1371 351 1436; x_wconf 86' lang='lat' dir='ltr'><strong>Plutarcho</strong></span> <span class='ocrx_word' id='word_1_83' title='bbox 373 1373 617 1455; x_wconf 56' lang='lat' dir='ltr'><strong>‘quodammodo</strong></span> <span class='ocrx_word' id='word_1_84' title='bbox 631 1374 792 1459; x_wconf 78' lang='lat' dir='ltr'><strong>congruit</strong></span> <span class='ocrx_word' id='word_1_85' title='bbox 809 1377 1051 1459; x_wconf 75' lang='lat' dir='ltr'><strong>grammaticus</strong></span> 
     </span>
     <span class='ocr_line' id='line_1_14' title="bbox 81 1471 1052 1559; baseline -0.005 -20"><span class='ocrx_word' id='word_1_86' title='bbox 81 1473 167 1559; x_wconf 84' lang='lat' dir='ltr'><strong>apud</strong></span> <span class='ocrx_word' id='word_1_87' title='bbox 189 1471 285 1534; x_wconf 85' lang='lat' dir='ltr'><strong>Beck.</strong></span> <span class='ocrx_word' id='word_1_88' title='bbox 298 1471 412 1534; x_wconf 88' lang='lat' dir='ltr'><strong>anecd.</strong></span> <span class='ocrx_word' id='word_1_89' title='bbox 426 1473 462 1532; x_wconf 93' lang='lat' dir='ltr'><strong>Il.</strong></span> <span class='ocrx_word' id='word_1_90' title='bbox 485 1473 598 1556; x_wconf 45' lang='lat' dir='ltr'><strong>P·‘.78²·</strong></span> <span class='ocrx_word' id='word_1_91' title='bbox 621 1473 640 1532; x_wconf 92' lang='lat' dir='ltr'><strong>l.</strong></span> <span class='ocrx_word' id='word_1_92' title='bbox 652 1495 716 1555; x_wconf 58' lang='grc' dir='ltr'>ιιι,</span> <span class='ocrx_word' id='word_1_93' title='bbox 739 1474 796 1556; x_wconf 87' lang='lat' dir='ltr'><strong>qui</strong></span> <span class='ocrx_word' id='word_1_94' title='bbox 809 1471 934 1538; x_wconf 82' lang='lat' dir='ltr'><strong>litteras</strong></span> <span class='ocrx_word' id='word_1_95' title='bbox 952 1476 1052 1556; x_wconf 89' lang='lat' dir='ltr'><strong>aspi-</strong></span> 
     </span>
     <span class='ocr_line' id='line_1_15' title="bbox 80 1561 1051 1654; baseline -0.004 -15"><span class='ocrx_word' id='word_1_96' title='bbox 80 1586 166 1640; x_wconf 83' lang='lat' dir='ltr'><strong>ratae</strong></span> <span class='ocrx_word' id='word_1_97' title='bbox 189 1583 222 1636; x_wconf 90' lang='lat' dir='ltr'><strong>et</strong></span> <span class='ocrx_word' id='word_1_98' title='bbox 244 1572 261 1650; x_wconf 87' lang='grc' dir='ltr'><strong>ζ</strong></span> <span class='ocrx_word' id='word_1_99' title='bbox 280 1573 334 1634; x_wconf 88' lang='lat' dir='ltr'><strong>vel</strong></span> <span class='ocrx_word' id='word_1_100' title='bbox 347 1595 363 1632; x_wconf 90' lang='lat' dir='ltr'><strong>a</strong></span> <span class='ocrx_word' id='word_1_101' title='bbox 375 1569 547 1632; x_wconf 89' lang='lat' dir='ltr'><strong>Palamede</strong></span> <span class='ocrx_word' id='word_1_102' title='bbox 560 1570 612 1632; x_wconf 89' lang='lat' dir='ltr'><strong>vel</strong></span> <span class='ocrx_word' id='word_1_103' title='bbox 626 1566 665 1636; x_wconf 80' lang='lat' dir='ltr'><strong>als</strong></span> <span class='ocrx_word' id='word_1_104' title='bbox 675 1561 873 1654; x_wconf 82' lang='lat' dir='ltr'><strong>Epicharmo</strong></span> <span class='ocrx_word' id='word_1_105' title='bbox 885 1573 1051 1635; x_wconf 87' lang='lat' dir='ltr'><strong>inventas</strong></span> 
     </span>
     <span class='ocr_line' id='line_1_16' title="bbox 41 1668 1048 1753; baseline -0.007 -13"><span class='ocrx_word' id='word_1_106' title='bbox 41 1699 44 1727; x_wconf 68' lang='lat'>1</span> <span class='ocrx_word' id='word_1_107' title='bbox 82 1697 150 1740; x_wconf 85' lang='lat' dir='ltr'><strong>esse</strong></span> <span class='ocrx_word' id='word_1_108' title='bbox 180 1675 300 1750; x_wconf 76' lang='lat' dir='ltr'><strong>refert.¹</strong></span> <span class='ocrx_word' id='word_1_109' title='bbox 336 1671 437 1732; x_wconf 86' lang='lat' dir='ltr'><strong>Vides</strong></span> <span class='ocrx_word' id='word_1_110' title='bbox 467 1671 581 1753; x_wconf 83' lang='lat' dir='ltr'><strong>igitu&#39;r,</strong></span> <span class='ocrx_word' id='word_1_111' title='bbox 611 1668 675 1732; x_wconf 87' lang='lat' dir='ltr'><strong>h&#39;oc</strong></span> <span class='ocrx_word' id='word_1_112' title='bbox 705 1692 772 1732; x_wconf 87' lang='lat' dir='ltr'><strong>esse</strong></span> <span class='ocrx_word' id='word_1_113' title='bbox 803 1673 1048 1752; x_wconf 88' lang='lat' dir='ltr'><strong>certissimum,</strong></span> 
     </span>
     <span class='ocr_line' id='line_1_17' title="bbox 29 1771 1049 1858; baseline -0.004 -21"><span class='ocrx_word' id='word_1_114' title='bbox 29 1792 32 1798; x_wconf 71' lang='grc'>”</span> <span class='ocrx_word' id='word_1_115' title='bbox 81 1774 303 1858; x_wconf 84' lang='lat' dir='ltr'><strong>antiquissimis</strong></span> <span class='ocrx_word' id='word_1_116' title='bbox 334 1772 397 1832; x_wconf 90' lang='lat' dir='ltr'><strong>iam</strong></span> <span class='ocrx_word' id='word_1_117' title='bbox 425 1771 643 1852; x_wconf 85' lang='lat' dir='ltr'><strong>temporibus,</strong></span> <span class='ocrx_word' id='word_1_118' title='bbox 677 1791 715 1833; x_wconf 88' lang='lat' dir='ltr'><strong>ea</strong></span> <span class='ocrx_word' id='word_1_119' title='bbox 747 1773 833 1832; x_wconf 88' lang='lat' dir='ltr'><strong>enim</strong></span> <span class='ocrx_word' id='word_1_120' title='bbox 860 1772 1049 1838; x_wconf 83' lang='lat' dir='ltr'><strong>Palamede</strong></span> 
     </span>
     <span class='ocr_line' id='line_1_18' title="bbox 82 1868 1049 1958; baseline -0.003 -21"><span class='ocrx_word' id='word_1_121' title='bbox 82 1873 308 1958; x_wconf 81' lang='lat' dir='ltr'><strong>designabant,</strong></span> <span class='ocrx_word' id='word_1_122' title='bbox 339 1871 462 1930; x_wconf 86' lang='lat' dir='ltr'><strong>litteras</strong></span> <span class='ocrx_word' id='word_1_123' title='bbox 494 1869 563 1930; x_wconf 89' lang='lat' dir='ltr'><strong>illas</strong></span> <span class='ocrx_word' id='word_1_124' title='bbox 593 1868 734 1952; x_wconf 86' lang='lat' dir='ltr'><strong>quatuor</strong></span> <span class='ocrx_word' id='word_1_125' title='bbox 761 1870 952 1932; x_wconf 86' lang='lat' dir='ltr'><strong>innotuisse.</strong></span> <span class='ocrx_word' id='word_1_126' title='bbox 989 1875 1049 1942; x_wconf 83' lang='lat' dir='ltr'><strong>Cf.</strong></span> 
     </span>
     <span class='ocr_line' id='line_1_19' title="bbox 78 1969 1050 2053; baseline -0.012 -17"><span class='ocrx_word' id='word_1_127' title='bbox 78 1973 221 2036; x_wconf 73' lang='lat' dir='ltr'><strong>Matthiae</strong></span> <span class='ocrx_word' id='word_1_128' title='bbox 245 1971 355 2030; x_wconf 83' lang='lat' dir='ltr'><strong>Gram.</strong></span> <span class='ocrx_word' id='word_1_129' title='bbox 378 1971 434 2028; x_wconf 79' lang='lat' dir='ltr'><strong>Gr.</strong></span> <span class='ocrx_word' id='word_1_130' title='bbox 457 1989 488 2050; x_wconf 90' lang='grc' dir='ltr'><strong>Ρ.</strong></span> <span class='ocrx_word' id='word_1_131' title='bbox 503 1987 532 2050; x_wconf 84' lang='lat'><strong>9.</strong></span> <span class='ocrx_word' id='word_1_132' title='bbox 556 1970 634 2046; x_wconf 85' lang='lat' dir='ltr'><strong>Quis</strong></span> <span class='ocrx_word' id='word_1_133' title='bbox 652 1977 764 2030; x_wconf 84' lang='lat' dir='ltr'><strong>autem</strong></span> <span class='ocrx_word' id='word_1_134' title='bbox 785 1969 931 2051; x_wconf 87' lang='lat' dir='ltr'><strong>reliquas</strong></span> <span class='ocrx_word' id='word_1_135' title='bbox 955 1993 1050 2053; x_wconf 81' lang='lat' dir='ltr'><strong>qua.</strong></span> 
     </span>
     <span class='ocr_line' id='line_1_20' title="bbox 78 2061 1050 2151; baseline -0.01 -19"><span class='ocrx_word' id='word_1_136' title='bbox 78 2081 157 2140; x_wconf 85' lang='lat' dir='ltr'><strong>tuor</strong></span> <span class='ocrx_word' id='word_1_137' title='bbox 179 2065 358 2141; x_wconf 70' lang='lat' dir='ltr'><strong>invenerits</strong></span> <span class='ocrx_word' id='word_1_138' title='bbox 380 2066 431 2146; x_wconf 83' lang='lat' dir='ltr'><strong>id,</strong></span> <span class='ocrx_word' id='word_1_139' title='bbox 455 2087 530 2126; x_wconf 89' lang='lat' dir='ltr'><strong>cum</strong></span> <span class='ocrx_word' id='word_1_140' title='bbox 552 2087 604 2128; x_wconf 83' lang='lat' dir='ltr'><strong>eas</strong></span> <span class='ocrx_word' id='word_1_141' title='bbox 625 2066 680 2128; x_wconf 90' lang='lat' dir='ltr'><strong>alii</strong></span> <span class='ocrx_word' id='word_1_142' title='bbox 701 2061 876 2148; x_wconf 84' lang='lat' dir='ltr'><strong>scriptores</strong></span> <span class='ocrx_word' id='word_1_143' title='bbox 898 2065 938 2128; x_wconf 91' lang='lat' dir='ltr'><strong>ad</strong></span> <span class='ocrx_word' id='word_1_144' title='bbox 955 2069 1050 2151; x_wconf 84' lang='lat' dir='ltr'><strong>Epi..</strong></span> 
     </span>
     <span class='ocr_line' id='line_1_21' title="bbox 63 2160 1049 2248; baseline -0.003 -14"><span class='ocrx_word' id='word_1_145' title='bbox 63 2160 249 2235; x_wconf 44' lang='lat' dir='ltr'><strong>&#39;eharmum</strong></span> <span class='ocrx_word' id='word_1_146' title='bbox 269 2168 390 2246; x_wconf 86' lang='lat' dir='ltr'><strong>solum,</strong></span> <span class='ocrx_word' id='word_1_147' title='bbox 414 2166 467 2230; x_wconf 88' lang='lat' dir='ltr'><strong>alii</strong></span> <span class='ocrx_word' id='word_1_148' title='bbox 485 2165 774 2248; x_wconf 84' lang='lat' dir='ltr'><strong>adEpicharmum</strong></span> <span class='ocrx_word' id='word_1_149' title='bbox 786 2173 820 2228; x_wconf 88' lang='lat' dir='ltr'><strong>et</strong></span> <span class='ocrx_word' id='word_1_150' title='bbox 830 2165 1049 2232; x_wconf 84' lang='lat' dir='ltr'><strong>Simonidem</strong></span> 
     </span>
     <span class='ocr_line' id='line_1_22' title="bbox 75 2247 1047 2347; baseline -0.003 -14"><span class='ocrx_word' id='word_1_151' title='bbox 75 2272 246 2346; x_wconf 75' lang='lat' dir='ltr'><strong>referant,</strong></span> <span class='ocrx_word' id='word_1_152' title='bbox 274 2259 292 2330; x_wconf 85' lang='lat' dir='ltr'><strong>e</strong></span> <span class='ocrx_word' id='word_1_153' title='bbox 321 2267 506 2328; x_wconf 87' lang='lat' dir='ltr'><strong>testimonio</strong></span> <span class='ocrx_word' id='word_1_154' title='bbox 527 2247 702 2326; x_wconf 32' lang='lat' dir='ltr'><strong>&#39;Plutarchi</strong></span> <span class='ocrx_word' id='word_1_155' title='bbox 735 2283 802 2324; x_wconf 83' lang='lat' dir='ltr'><strong>nou</strong></span> <span class='ocrx_word' id='word_1_156' title='bbox 833 2265 946 2347; x_wconf 88' lang='lat' dir='ltr'><strong>liquet.</strong></span> <span class='ocrx_word' id='word_1_157' title='bbox 989 2269 1047 2330; x_wconf 84' lang='lat' dir='ltr'><strong>Cf.</strong></span> 
     </span>
     <span class='ocr_line' id='line_1_23' title="bbox 78 2347 1047 2454; baseline -0.001 -24"><span class='ocrx_word' id='word_1_158' title='bbox 78 2370 196 2454; x_wconf 71' lang='lat' dir='ltr'><strong>Hygia.</strong></span> <span class='ocrx_word' id='word_1_159' title='bbox 218 2369 239 2427; x_wconf 85' lang='lat'><strong>1.</strong></span> <span class='ocrx_word' id='word_1_160' title='bbox 254 2367 275 2428; x_wconf 89' lang='lat'><strong>1.</strong></span> <span class='ocrx_word' id='word_1_161' title='bbox 298 2369 403 2432; x_wconf 75' lang='lat' dir='ltr'><strong>nea</strong></span> <span class='ocrx_word' id='word_1_162' title='bbox 427 2347 783 2446; x_wconf 70' lang='lat' dir='ltr'><strong>clitiad.‘x[1.p.398.&#39;</strong></span> <span class='ocrx_word' id='word_1_163' title='bbox 807 2363 947 2425; x_wconf 60' lang='lat' dir='ltr'><strong>eatae..</strong></span> <span class='ocrx_word' id='word_1_164' title='bbox 961 2365 1047 2430; x_wconf 75' lang='lat' dir='ltr'><strong>aaa</strong></span> 
     </span>
     <span class='ocr_line' id='line_1_24' title="bbox 44 2450 1049 2546; baseline -0.005 -18"><span class='ocrx_word' id='word_1_165' title='bbox 44 2491 45 2496; x_wconf 48' lang='lat'>¹</span> <span class='ocrx_word' id='word_1_166' title='bbox 77 2471 100 2532; x_wconf 89' lang='lat' dir='ltr'><strong>l.</strong></span> <span class='ocrx_word' id='word_1_167' title='bbox 127 2469 148 2530; x_wconf 93' lang='lat' dir='ltr'><strong>l</strong></span> <span class='ocrx_word' id='word_1_168' title='bbox 199 2469 351 2544; x_wconf 86' lang='lat' dir='ltr'><strong>Quorum</strong></span> <span class='ocrx_word' id='word_1_169' title='bbox 378 2450 513 2546; x_wconf 85' lang='lat' dir='ltr'><strong>quidem</strong></span> <span class='ocrx_word' id='word_1_170' title='bbox 541 2469 713 2526; x_wconf 85' lang='lat' dir='ltr'><strong>auctorum</strong></span> <span class='ocrx_word' id='word_1_171' title='bbox 745 2455 983 2544; x_wconf 86' lang='lat' dir='ltr'><strong>discrepantias</strong></span> <span class='ocrx_word' id='word_1_172' title='bbox 1017 2469 1049 2528; x_wconf 90' lang='lat' dir='ltr'><strong>si</strong></span> 
     </span>
     <span class='ocr_line' id='line_1_25' title="bbox 79 2555 1047 2642; baseline -0.007 -7"><span class='ocrx_word' id='word_1_173' title='bbox 79 2569 258 2635; x_wconf 84' lang='lat' dir='ltr'><strong>dissolvere</strong></span> <span class='ocrx_word' id='word_1_174' title='bbox 279 2563 373 2642; x_wconf 81' lang='lat' dir='ltr'><strong>velis,</strong></span> <span class='ocrx_word' id='word_1_175' title='bbox 397 2563 441 2623; x_wconf 89' lang='lat' dir='ltr'><strong>ita</strong></span> <span class='ocrx_word' id='word_1_176' title='bbox 462 2563 533 2622; x_wconf 81' lang='lat' dir='ltr'><strong>fere</strong></span> <span class='ocrx_word' id='word_1_177' title='bbox 555 2563 595 2622; x_wconf 91' lang='lat' dir='ltr'><strong>sit</strong></span> <span class='ocrx_word' id='word_1_178' title='bbox 616 2559 833 2638; x_wconf 86' lang='lat' dir='ltr'><strong>statuendum,</strong></span> <span class='ocrx_word' id='word_1_179' title='bbox 856 2571 892 2624; x_wconf 88' lang='lat' dir='ltr'><strong>ut</strong></span> <span class='ocrx_word' id='word_1_180' title='bbox 908 2555 1047 2628; x_wconf 88' lang='lat' dir='ltr'><strong>litteras</strong></span> 
     </span>
     <span class='ocr_line' id='line_1_26' title="bbox 78 2649 1050 2760; baseline -0.003 -33"><span class='ocrx_word' id='word_1_181' title='bbox 78 2671 95 2745; x_wconf 78' lang='grc' dir='ltr'><strong>ξ</strong></span> <span class='ocrx_word' id='word_1_182' title='bbox 117 2679 151 2730; x_wconf 84' lang='lat' dir='ltr'><strong>et</strong></span> <span class='ocrx_word' id='word_1_183' title='bbox 161 2680 198 2760; x_wconf 80' lang='grc' dir='ltr'>ψ</span> <span class='ocrx_word' id='word_1_184' title='bbox 217 2649 466 2746; x_wconf 76' lang='lat' dir='ltr'><strong>Epicharmum,</strong></span> <span class='ocrx_word' id='word_1_185' title='bbox 483 2685 503 2742; x_wconf 85' lang='grc' dir='ltr'><em>η</em></span> <span class='ocrx_word' id='word_1_186' title='bbox 524 2669 557 2722; x_wconf 90' lang='lat' dir='ltr'><strong>et</strong></span> <span class='ocrx_word' id='word_1_187' title='bbox 573 2661 831 2724; x_wconf 80' lang='lat' dir='ltr'><strong>toSimon&#39;idem&#39;</strong></span> <span class='ocrx_word' id='word_1_188' title='bbox 823 2669 1050 2728; x_wconf 79' lang='lat' dir='ltr'><strong>inventorem</strong></span> 
     </span>
     <span class='ocr_line' id='line_1_27' title="bbox 76 2759 1050 2842; baseline -0.008 -11"><span class='ocrx_word' id='word_1_189' title='bbox 76 2769 200 2830; x_wconf 83' lang='lat' dir='ltr'><strong>hahere</strong></span> <span class='ocrx_word' id='word_1_190' title='bbox 228 2763 322 2826; x_wconf 89' lang='lat' dir='ltr'><strong>dicas.</strong></span> <span class='ocrx_word' id='word_1_191' title='bbox 359 2761 406 2820; x_wconf 82' lang='lat' dir='ltr'><strong>Cf.</strong></span> <span class='ocrx_word' id='word_1_192' title='bbox 436 2759 601 2820; x_wconf 87' lang='lat' dir='ltr'><strong>Fuuccius</strong></span> <span class='ocrx_word' id='word_1_193' title='bbox 631 2759 682 2829; x_wconf 89' lang='lat' dir='ltr'><strong>de</strong></span> <span class='ocrx_word' id='word_1_194' title='bbox 691 2761 860 2842; x_wconf 82' lang='lat' dir='ltr'><strong>scriptura</strong></span> <span class='ocrx_word' id='word_1_195' title='bbox 880 2769 1050 2828; x_wconf 84' lang='lat' dir='ltr'><strong>veterum</strong></span> 
     </span>
     <span class='ocr_line' id='line_1_28' title="bbox 76 2853 1047 2952; baseline -0.002 -24"><span class='ocrx_word' id='word_1_196' title='bbox 76 2890 109 2952; x_wconf 86' lang='grc' dir='ltr'><strong>Ρ.</strong></span> <span class='ocrx_word' id='word_1_197' title='bbox 131 2871 189 2930; x_wconf 79' lang='lat'><strong>30.</strong></span> <span class='ocrx_word' id='word_1_198' title='bbox 204 2867 400 2945; x_wconf 87' lang='lat' dir='ltr'><strong>Quanquam</strong></span> <span class='ocrx_word' id='word_1_199' title='bbox 422 2853 462 2920; x_wconf 85' lang='lat' dir='ltr'><strong>de</strong></span> <span class='ocrx_word' id='word_1_200' title='bbox 485 2880 521 2920; x_wconf 88' lang='lat' dir='ltr'><strong>re</strong></span> <span class='ocrx_word' id='word_1_201' title='bbox 551 2869 616 2922; x_wconf 87' lang='lat' dir='ltr'><strong>tam</strong></span> <span class='ocrx_word' id='word_1_202' title='bbox 645 2855 745 2922; x_wconf 88' lang='lat' dir='ltr'><strong>dubia</strong></span> <span class='ocrx_word' id='word_1_203' title='bbox 772 2856 879 2942; x_wconf 82' lang='lat' dir='ltr'><strong>neque</strong></span> <span class='ocrx_word' id='word_1_204' title='bbox 906 2873 1047 2926; x_wconf 81' lang='lat' dir='ltr'><strong>certam</strong></span> 
     </span>
     <span class='ocr_line' id='line_1_29' title="bbox 77 2947 1046 3058; baseline -0.008 -27"><span class='ocrx_word' id='word_1_205' title='bbox 77 2965 272 3032; x_wconf 86' lang='lat' dir='ltr'><strong>seutentiam</strong></span> <span class='ocrx_word' id='word_1_206' title='bbox 293 2983 354 3058; x_wconf 83' lang='lat' dir='ltr'><strong>ego</strong></span> <span class='ocrx_word' id='word_1_207' title='bbox 376 2947 564 3042; x_wconf 77' lang='lat' dir='ltr'><strong>proferam,</strong></span> <span class='ocrx_word' id='word_1_208' title='bbox 597 2979 705 3042; x_wconf 89' lang='lat' dir='ltr'><strong>neque</strong></span> <span class='ocrx_word' id='word_1_209' title='bbox 727 2960 781 3037; x_wconf 81' lang='lat' dir='ltr'><strong>iis,</strong></span> <span class='ocrx_word' id='word_1_210' title='bbox 804 2961 861 3043; x_wconf 88' lang='lat' dir='ltr'><strong>qui</strong></span> <span class='ocrx_word' id='word_1_211' title='bbox 888 2951 1046 3054; x_wconf 83' lang='lat' dir='ltr'><strong>mediam</strong></span> 
     </span>
     <span class='ocr_line' id='line_1_30' title="bbox 18 3045 1046 3152; baseline -0.004 -23"><span class='ocrx_word' id='word_1_212' title='bbox 18 3065 22 3080; x_wconf 93' lang='lat'><em>&#39;</em></span> <span class='ocrx_word' id='word_1_213' title='bbox 78 3062 242 3152; x_wconf 75' lang='lat' dir='ltr'><strong>quandam</strong></span> <span class='ocrx_word' id='word_1_214' title='bbox 262 3045 424 3122; x_wconf 87' lang='lat' dir='ltr'><strong>rationem</strong></span> <span class='ocrx_word' id='word_1_215' title='bbox 444 3065 644 3140; x_wconf 86' lang='lat' dir='ltr'><strong>sequuntur,</strong></span> <span class='ocrx_word' id='word_1_216' title='bbox 668 3057 942 3146; x_wconf 83' lang='lat' dir='ltr'><strong>etEpicharmum</strong></span> <span class='ocrx_word' id='word_1_217' title='bbox 957 3082 1046 3140; x_wconf 86' lang='lat' dir='ltr'><strong>cum</strong></span> 
     </span>
     <span class='ocr_line' id='line_1_31' title="bbox 41 3156 1045 3240; baseline -0.003 -11"><span class='ocrx_word' id='word_1_218' title='bbox 41 3237 43 3240; x_wconf 18' lang='lat'>¹</span> <span class='ocrx_word' id='word_1_219' title='bbox 78 3162 247 3229; x_wconf 89' lang='lat' dir='ltr'><strong>Simonide</strong></span> <span class='ocrx_word' id='word_1_220' title='bbox 278 3176 449 3224; x_wconf 88' lang='lat' dir='ltr'><strong>commune</strong></span> <span class='ocrx_word' id='word_1_221' title='bbox 480 3157 623 3219; x_wconf 89' lang='lat' dir='ltr'><strong>studium</strong></span> <span class='ocrx_word' id='word_1_222' title='bbox 649 3179 743 3222; x_wconf 89' lang='lat' dir='ltr'><strong>suum</strong></span> <span class='ocrx_word' id='word_1_223' title='bbox 762 3156 815 3220; x_wconf 88' lang='lat' dir='ltr'><strong>ad</strong></span> <span class='ocrx_word' id='word_1_224' title='bbox 843 3159 1045 3226; x_wconf 87' lang='lat' dir='ltr'><strong>litterarum</strong></span> 
     </span>
     <span class='ocr_line' id='line_1_32' title="bbox 78 3257 1042 3343; baseline -0.01 -13"><span class='ocrx_word' id='word_1_225' title='bbox 78 3285 251 3330; x_wconf 88' lang='lat' dir='ltr'><strong>numerum</strong></span> <span class='ocrx_word' id='word_1_226' title='bbox 264 3257 497 3342; x_wconf 77' lang='lat' dir='ltr'><strong>complendum</strong></span> <span class='ocrx_word' id='word_1_227' title='bbox 508 3259 685 3320; x_wconf 85' lang='lat' dir='ltr'><strong>contulisse</strong></span> <span class='ocrx_word' id='word_1_228' title='bbox 698 3257 829 3337; x_wconf 87' lang='lat' dir='ltr'><strong>dicunt,</strong></span> <span class='ocrx_word' id='word_1_229' title='bbox 842 3281 1042 3343; x_wconf 84' lang='lat' dir='ltr'><strong>repugnare</strong></span> 
     </span>
     <span class='ocr_line' id='line_1_33' title="bbox 78 3355 1042 3446; baseline -0.007 -16"><span class='ocrx_word' id='word_1_230' title='bbox 78 3367 222 3430; x_wconf 86' lang='lat' dir='ltr'><strong>audeam.</strong></span> <span class='ocrx_word' id='word_1_231' title='bbox 234 3359 281 3422; x_wconf 80' lang='lat' dir='ltr'><strong>Cf.</strong></span> <span class='ocrx_word' id='word_1_232' title='bbox 293 3362 412 3420; x_wconf 87' lang='lat' dir='ltr'><strong>Goens.</strong></span> <span class='ocrx_word' id='word_1_233' title='bbox 425 3357 465 3420; x_wconf 91' lang='lat' dir='ltr'><strong>de</strong></span> <span class='ocrx_word' id='word_1_234' title='bbox 477 3355 643 3421; x_wconf 87' lang='lat' dir='ltr'><strong>Simonide</strong></span> <span class='ocrx_word' id='word_1_235' title='bbox 655 3357 707 3420; x_wconf 86' lang='lat' dir='ltr'><strong>IV.</strong></span> <span class='ocrx_word' id='word_1_236' title='bbox 722 3379 745 3419; x_wconf 90' lang='grc' dir='ltr'><strong>ι.</strong></span> <span class='ocrx_word' id='word_1_237' title='bbox 768 3359 871 3420; x_wconf 85' lang='lat' dir='ltr'><strong>Wolf.</strong></span> <span class='ocrx_word' id='word_1_238' title='bbox 879 3359 1042 3446; x_wconf 71' lang='lat' dir='ltr'><strong>prole&#39;gg.</strong></span> 
     </span>
     <span class='ocr_line' id='line_1_34' title="bbox 78 3449 984 3552; baseline -0.003 -29"><span class='ocrx_word' id='word_1_239' title='bbox 78 3489 109 3552; x_wconf 81' lang='lat' dir='ltr'><strong>p.</strong></span> <span class='ocrx_word' id='word_1_240' title='bbox 131 3462 224 3528; x_wconf 88' lang='lat' dir='ltr'><strong>LXII.</strong></span> <span class='ocrx_word' id='word_1_241' title='bbox 249 3449 338 3544; x_wconf 84' lang='lat' dir='ltr'><strong>seqq.</strong></span> <span class='ocrx_word' id='word_1_242' title='bbox 359 3457 534 3542; x_wconf 75' lang='lat' dir='ltr'><strong>Mongitor.</strong></span> <span class='ocrx_word' id='word_1_243' title='bbox 556 3457 634 3522; x_wconf 83' lang='lat' dir='ltr'><strong>bibl.</strong></span> <span class='ocrx_word' id='word_1_244' title='bbox 656 3449 773 3542; x_wconf 69' lang='lat' dir='ltr'><strong>Simu.</strong></span> <span class='ocrx_word' id='word_1_245' title='bbox 799 3464 865 3526; x_wconf 83' lang='lat'><strong>181.</strong></span> <span class='ocrx_word' id='word_1_246' title='bbox 886 3491 891 3530; x_wconf 74' lang='lat'><em>3</em></span> <span class='ocrx_word' id='word_1_247' title='bbox 981 3527 984 3538; x_wconf 62' lang='lat'><strong>.</strong></span> 
     </span>
    </p>
   </div>
   <div class='ocr_carea' id='block_1_3' title="bbox 0 0 1108 3798">
    <p class='ocr_par' dir='ltr' id='par_1_3' title="bbox 0 0 1108 3798">
     <span class='ocr_line' id='line_1_35' title="bbox 0 0 1108 3798; baseline 0 1"><span class='ocrx_word' id='word_1_248' title='bbox 0 0 1108 3798; x_wconf 95' lang='lat' dir='ltr'><strong> </strong></span> 
     </span>
    </p>
   </div>
  </div>
 </body>
</html>
