2210 3792
535 77 613 152 bot

63 280 64 288 ’
103 287 104 290 ’
147 265 227 334 ‘Sed
258 247 345 332 unde
369 272 495 357 ¹facturn
515 264 836 346 sit,'ut:comoediis
858 266 1044 350 Epicharmi

35 428 36 434 ,
102 391 168 433 non
186 373 310 446 inesset
331 369 499 456 egregium
517 369 600 432 iliud
622 379 869 446 ornamentum,
903 369 1045 452 quod'in

102 471 205 530 choro
234 471 369 552 eiusque
400 469 534 536 canticis
563 467 1045 551 e'ratpositum,1idveteru1n

101 587 198 631 nomo
227 569 345 652 diserte
373 569 461 630 dixit.
503 570 636 630 Etenim
657 569 816 652 quamde
839 567 968 630 mediae
991 589 1044 628 co-

99 669 247 730 moediae
278 669 381 750 poetis
409 667 502 728 huius
524 669 574 728 rei
604 669 732 728 carmani¹
758 667 919 730 indicavit
938 666 1045 728 Plato-

102 768 190 844 nius‚
204 767 343 837 defuisse
356 765 530 850 choragos,
545 789 601 866 qm
592 765 708 828 chori
720 765 913 828 instituendi
926 773 1045 826 sumtus

100 866 364 960 suppeditarent,
395 887 466 928 eam
495 854 646 963 profecto
676 883 783 948 neque
816 863 858 925 ad
886 863 1044 946 Epichar-

67 1031 70 1040 ,
99 989 203 1045 mum,
227 975 261 1028 et
282 975 392 1049 poetas
414 956 637 1046 Doriensiurir,
662 986 770 1048 neque
793 963 835 1025 ad
856 963 1044 1046 Aristopha-

42 1121 48 1136 ,
100 1087 176 1128 nem
198 1075 231 1127 et
252 1067 431 1131 Cratinum
437 1067 618 1127 transferre
641 1065 846 1128 conaberis·
865 1067 962 1142 Nam,
986 1087 1044 1147 qua

99 1175 203 1227 aetate
227 1167 351 1227 fabulas
374 1165 536 1228 docebant
568 1167 718 1228 Cratinus
740 1173 837 1247 atque
855 1165 1044 1247 Aristopha-

99 1279 195 1343 nes,
202 1265 349 1326 nondum
370 1258 479 1356 erant,
502 1265 567 1346 qui
590 1264 793 1346 optimatium
814 1263 917 1324 minas
940 1270 985 1324 ita
1005 1264 1054 1345 ti„

98 1375 244 1442 merent,
254 1374 295 1424 ut
293 1365 432 1450 choragi
445 1363 693 1426 comicivicibus
706 1361 837 1446 defungi
848 1355 1042 1445 dubitarent

97 1453 313 1546 Epicharmus
335 1486 414 1526 vero
438 1465 464 1524 si
485 1465 663 1548 impensam
681 1463 840 1526 eiusmodi
855 1441 1042 1528 comoediae

98 1582 174 1628 suae
197 1589 215 1627 a
236 1558 389 1626 munifico
416 1566 526 1648 aliquo
554 1565 683 1625 fautore
713 1563 790 1624 addi
821 1565 997 1628 voluissetr
1027 1587 1043 1624 a

98 1667 227 1750 regibus
245 1663 490 1766 Syracusarum
519 1665 634 1746 poesin
665 1665 848 1748 scaenicam
870 1641 1042 1726 admodum

99 1764 284 1824 foventibus
315 1755 479 1845 repulsam
510 1783 576 1824 uon
608 1761 741 1823 tulisset.
793 1761 916 1822 Utrum
949 1763 1043 1847 igitur

97 1885 210 1923 veram
230 1861 324 1931 huius
343 1859 578 1921 immutationis
596 1855 722 1922 causam
734 1861 1044 1944 excogitaveritPla-

97 1964 221 2040 tonius,
245 1961 301 2021 'uti
333 1959 546 2020 vehementer
578 1959 710 2020 dubito:
746 1960 790 2020 ite
820 1981 890 2020 eam
921 1961 955 2020 in
978 1963 1042 2043 ipsa
1090 1969 1091 1978 ’

99 2061 344 2123 comoediarum
366 2060 553 2124 diversitate
573 2059 805 2146 inquirendam
827 2081 895 2122 esse
917 2043 1042 2147 censeo.

96 2161 255 2230 Nimirum
278 2147 396 2220 chorus
415 2160 574 2236 comicus,
599 2181 674 2221 cum
686 2159 866 2220 carminum
883 2159 1043 2242 phaliico-

48 2265 51 2280 '
97 2285 172 2324 rum
193 2259 342 2323 naturam
359 2261 493 2325 omnino
514 2260 700 2338 retineret,
713 2259 924 2322 hasvmaxime
936 2271 1042 2347 partes

96 2363 286 2450 peragebat,
316 2369 354 2421 at
376 2361 523 2432 homines
546 2360 703 2444 quosdam
732 2359 878 2420 dicteriis
901 2363 1041 2422 acerbis-

26 2527 28 2532 ,
97 2465 181 2528 simis
200 2463 366 2525 laceraret.
411 2465 654 2544 Qualeserant,
678 2461 902 2523 siPlatoniol
915 2463 935 2523 l.
949 2463 1043 2524 iidem

83 2563 283 2646 babemus,
300 2563 378 2624 belii
401 2564 498 2626 duces
521 2564 607 2624 male
626 2585 697 2626 rem
719 2571 887 2646 gerentes,
919 2537 1044 2624 iiidices

96 2666 253 2728 iniustitia
275 2665 437 2742 infames,
438 2661 612 2726 homines
621 2665 710 2726 avari
733 2665 869 2747 quique
863 2663 924 2726 alii
945 2665 1042 2724 vitam

96 2767 272 2828 sceleribus
305 2764 579 2840 contaminabant.
631 2763 680 2824 Ad
711 2764 767 2824 eos
796 2784 877 2823 vero
908 2759 985 2824 eum
1014 2773 1044 2824 et

97 2869 165 2948 ipsa
188 2863 335 2948 episodia
357 2871 505 2948 spectare
523 2863 701 2928 deberent·
725 2863 913 2925 acerbiores
935 2873 1042 2926 tamen

21 2998 24 3004 ¹
95 2969 302 3030 vexationes
312 2967 358 3036 in
379 2963 576 3028 carminibus
607 2965 761 3040 choricis
781 2973 814 3025 et
834 2961 1043 3047 parabasibus

95 3075 212 3150 poetae
240 3065 403 3128 collocare
441 3074 690 3147 consueverant.
728 3064 776 3124 cf.
807 3061 923 3148 Scalig.
955 3073 1040 3146 poet.

96 3189 127 3247 p
151 3166 308 3247 29.1am
340 3183 419 3224 vero
449 3147 620 3226 comoedia
648 3152 899 3264 Epich'armea,
920 3164 1041 3246 quippe

96 3285 178 3360 qraae
217 3262 316 3321 vel
306 3283 339 3320 ιιι
384 3263 499 3324 fabulis
537 3263 774 3348 {mythologicis
814 3263 937 3324 'comice
968 3285 1044 3344 per-

95 3371 179 3424 tract
167 3361 271 3422 tundis
293 3362 374 3422 vel
367 3385 409 3422 ιιι
422 3364 569 3446 generali
592 3363 731 3448 quadam
754 3363 838 3422 vitae
857 3373 895 3423 et
916 3385 1043 3424 morum

96 3461 316 3546 descriptione
339 3469 540 3552 versaretur,
563 3487 581 3524 a
599 3463 730 3546 singuiis
747 3451 937 3525 bominibus
960 3463 1045 3528 ludi-

791 3609 792 3614 =
816 3591 825 3629 t
