2210 3798
486 85 553 154 107

55 293 128 355 φας,
138 265 229 337 καθά
241 289 340 354 φησιν
342 259 524 390 Atumog
508 291 541 331 εν
551 275 616 344 ταῖς
628 238 713 352 πρός
725 259 933 346 Andmuvf
909 293 931 330 u
947 268 996 340 ι’ςι

52 372 187 454 τέτταρα.
208 367 289 432 ἔνθα
307 393 362 432 και
377 370 411 432 ἐν
429 370 473 454 τῷ
464 389 607 452 nomam
621 390 701 452 φησι
714 391 832 430 ταυτα
848 365 995 451 φαίνεται

52 471 84 532 di·
102 469 158 532 καὶ
181 465 319 534 Πλάτων
346 468 442 530 πολλὰ
463 469 525 530 τῶν
542 462 742 550 Ἐπιχαρμόυ
763 468 860 548 λέγων
881 489 909 527 κ.
930 491 957 528 ι.
979 471 996 528 λ

52 571 168 633 Eadem
181 569 280 632 ve'rha
293 563 444 662 repetitu
440 553 594 630 invenies
617 569 704 651 apud
720 589 874 656 anonym
866 568 917 626 i.n
930 569 994 626 vita
1008 560 1013 570 ’

52 671 125 735 Plat
139 671 190 730 llI.
204 678 238 730 et
250 668 448 754 Hesychium
462 668 564 738 Miles.
577 663 706 728 deviris
719 665 811 729 erud.
820 665 953 727 clariss.
964 687 993 724 v.

51 768 140 829 πολλὰ
156 767 411 850 προςωφὲληιαι.
451 767 563 848 Neque
586 765 746 826 iudicium
768 753 854 824 istud
876 761 993 823 Alcimi

51 866 161 927 facile
153 885 186 925 ιιι
199 865 337 928 dubium
346 865 530 936 vocaverim
534 885 662 924 verum
673 871 722 924 est
732 863 822 924 enim
832 870 866 924 et
877 880 913 924 re
925 867 993 946 ipsa

49 965 305 1054 comprobatur.¹
320 966 478 1062 Namque
500 963 643 1030 Alcimus
665 963 721 1023 l..l
744 962 991 1044 exemplicnusa
1085 999 1086 1006 ι

50 1064 326 1146 comparationem
347 1057 489 1126 instituit
515 1063 604 1144 inter
633 1063 819 1124 doctrinam
847 1061 992 1124 Platonis

48 1161 205 1224 derebus
227 1163 335 1222 sensui
357 1161 528 1240 subiectis,
551 1169 585 1222 et
605 1163 693 1222 mter
703 1162 907 1246 Epicharmi
916 1183 992 1222 ver-

47 1281 93 1320 sus
113 1261 259 1348 aliquot,
290 1263 407 1346 quibus
430 1261 545 1324 eadem
566 1262 638 1323 fere
660 1261 700 1324 de
723 1261 788 1320 his.
795 1262 893 1320 rehns
916 1277 991 1321 scn-

46 1365 142 1426 tcntia
160 1365 365 1427 continetur.
407 1367 443 1426 In
466 1388 530 1449 qua
551 1387 588 1426 re
610 1347 781 1450 Platonem
804 1385 872 1424 non
890 1365 991 1426 mira-

45 1465 145 1545 heris,
170 1469 306 1552 quippe
318 1489 417 1550 quem
438 1489 456 1528 c
479 1468 629 1530 doctrina
651 1443 963 1551 Pythagoreorum
954 1489 988 1526 ιιι

45 1557 231 1628 universum
253 1568 353 1630 multa
376 1567 534 1652 petivisse
551 1567 616 1626 iam
638 1565 677 1626 ab
696 1566 767 1626 aliis
786 1571 834 1628 cst
847 1567 988 1647 patefac
1013 1651 1016 1655 .

45 1671 116 1724 tum.
139 1666 187 1726 Cf.
210 1667 371 1728 Bruckeri
392 1667 466 1728 hist.
489 1665 569 1750 plnl
577 1674 659 1728 tom
671 1668 732 1750 1..p
751 1687 835 1727 1221.
848 1665 986 1727 Boekhii

44 1761 214 1829 Philolaus.
239 1790 270 1850 p.
292 1771 333 1845 4ο
355 1775 389 1829 et
410 1789 499 1851 seqq.
1013 1755 1022 1765 ¹

97 1867 211 1950 Neque
232 1868 402 1948 profecto,
435 1887 516 1980 quos
537 1865 682 1928 Alcimus
711 1864 731 1925 l.
755 1829 775 1924 l.
797 1865 986 1948 Epicharmi
1062 1880 1065 1886 ·

45 1965 220 2026 versiculos
244 1967 369 2043 attulit,
392 1967 483 2056 unici
505 1951 618 2050 eraut,
648 1987 801 2049 quorum
814 1987 987 2049 argumen-

44 2066 137 2123 tum
128 2087 162 2126 m
186 2065 373 2126 doctrinam
394 2087 483 2126 suam
495 2066 587 2126 Plato
598 2067 818 2128 transtulerat.
841 2067 985 2148 Namque

43 2159 178 2224 Alcimus
201 2173 345 2246 quatuor
366 2165 441 2224 istos
463 2164 504 2226 ad
524 2166 694 2248 Amyntam
715 2166 819 2226 libros
842 2185 882 2226 eo
905 2186 986 2226 con-

43 2257 107 2318 silio
130 2263 362 2344 conscripsisse
385 2262 534 2340 videtur,
558 2271 594 2322 ut
616 2277 693 2345 quas
704 2264 893 2345 Epicharmi
908 2283 983 2325 sen-

41 2362 152 2424 tentias
173 2363 268 2424 Plato
291 2365 413 2446 aliique
434 2363 627 2446 philosophi
650 2364 683 2423 in
716 2387 773 2425 sua
800 2344 985 2452 conseptis-

41 2463 124 2541 sen't,
149 2465 303 2547 exemplis
326 2465 577 2526 demonstraret.
628 2465 698 2526 Huc
721 2475 812 2534 certe
835 2476 985 2548 spectant

40 2551 218 2625 verhaillai
240 2561 387 2648 φαίνεται
409 2565 443 2627 δὲ
464 2564 521 2628 καὶ
540 2559 678 2628 Πλάτων
698 2566 795 2628 πολλοὶ
817 2565 879 2628 τῶν
896 2559 984 2628 Ἕνα.

41 2655 164 2743 χάρμιιυ
185 2665 291 2747 λέγων.
332 2665 396 2727 Sed
419 2665 566 2748 exempla
589 2665 645 2726 illa
659 2674 693 2726 et
707 2667 979 2748 comparationes,
1000 2725 1003 2734 ,

43 2760 152 2837 quihus
172 2763 290 2824 Alcimi
312 2760 390 2826 libri
414 2765 466 2826 isti
489 2766 604 2828 referti
627 2773 737 2842 erant,
760 2765 800 2825 ad
811 2753 981 2828 Platonem

41 2859 168 2922 maxime
190 2863 420 2944 pertinebant,
453 2865 576 2946 quippe
606 2864 662 2946 qui
684 2885 764 2946 prae
787 2865 857 2924 aliis
880 2866 980 2926 multa

41 2972 74 3011 el
93 2957 291 3040 Epicharmo
315 2961 527 3023 desumsisset.
572 2962 670 3040 Quod
700 2971 737 3022 ut
757 2963 982 3082 suspicemurz

39 3049 197 3139 Diogenes
224 3061 330 3120 Laert.
365 3054 478 3136 efficit,
510 3061 566 3143 qui
598 3061 630 3120 Ι.
651 3061 670 3122 l.
702 3062 746 3123 ita
776 3063 895 3146 pergit..
925 3065 982 3126 καί

39 3155 133 3218 ταῦτα
153 3159 211 3238 μὲν
232 3183 287 3223 και
308 3161 346 3222 τιὶ
368 3161 501 3223 τοιαῦτα
523 3162 577 3224 δια
598 3161 669 3224 τῶν
675 3157 1052 3254 scocripwrfltplle‘uw

37 3242 276 3360 παραπήγνυσιν
314 3254 331 3322 ὁ
354 3251 553 3338 Almana,
546 3260 817 3344 παρασημαίνων
855 3285 913 3345 την
947 3265 980 3338 ἔξ

37 3335 229 3442 Ενιχάιίμιιν
257 3353 409 3420 Πλάτωνι
435 3359 679 3440 περιγινομένην
715 3355 880 3443 aips'luun
931 3365 977 3424 Cf.

41 3443 357 3521 Tiede‘munniliber.
372 3448 856 3532 Griechenlundicrstel'hilos.
865 3484 898 3550 p.-
889 3464 978 3526 .250
