2266 3802
512 99 655 206 Α

62 301 73 318 ¹
104 280 262 363 iudicavi,
286 285 318 345 in
334 267 447 348 Sicilia
469 307 603 370 quoque
625 307 786 370 perquam
807 289 936 351 usitatas
959 288 1063 352 luisse

104 407 234 448 censeo.
278 389 370 465 Quae
393 410 465 450 mea
487 389 649 450 sententia
671 390 698 449 si
720 410 797 450 uera
820 398 939 467 est,‹et
953 391 1007 451 hic
1025 393 1064 452 iu

103 488 217 548 reruni
237 488 472 550 Bacchicaruni
499 473 594 550 cultu·
616 490 722 571 prima
745 489 938 551 comoediae
960 490 1062 552 initia

57 587 59 595 ’
103 595 181 647 sunt
201 587 366 670 ponenda.
409 589 487 650 lude
509 598 618 650 autem
639 571 822 652 versiculus
842 591 1064 673 epigramma-

101 689 159 764 tis,
183 686 273 770 quod
295 688 491 748 Theocritus
514 687 547 748 in
570 687 763 771 Epicharmi
785 695 921 749 statuam
943 689 1064 750 coufe-

47 775 166 862 scit,
191 787 336 860 ‚maxime
360 788 517 848 illustrari
539 797 656 870 potest.
694 791 844 872 'Namque
876 789 1062 873 Syracosii,

90 893 139 944 ‘ut
158 885 393 968 Epicharmum
415 886 665 948 comoediarum
686 887 884 968 scriptorem
901 887 1063 952 honesta-
1119 947 1120 960 ,

101 992 194 1060 rent,
233 1000 366 1046 aeneam
399 985 468 1047 eius
499 995 637 1048 statuam
668 987 802 1069 publice
836 977 1060 1054 extruxerant.

100 1083 253 1144 Attamen
277 1083 310 1142 in
334 1083 405 1165 ipso
429 1077 745 1168 illo'epig'rammate
770 1086 815 1171 sic
838 1085 974 1146 dicitur:

106 1183 164 1244 Ttv
183 1171 209 1242 ui
228 1175 336 1262 Bury]
358 1172 420 1246 ailla
443 1178 617 1266 o’ra't'rqxar
644 1179 780 1262 χάλκεον
802 1177 866 1245 cirr'
887 1176 1061 1246 ἀλαθινοῦ.

100 1281 197 1343 Unde
214 1303 341 1367 ‘quaeso
365 1284 486 1344 factum
510 1291 572 1360 est,
596 1288 632 1341 ut
657 1295 756 1342 aenea
777 1282 969 1366 Epicharmi
990 1292 1061 1344 'sta-

101 1391 158 1443 tua
178 1383 318 1468 Dionysi
348 1384 486 1466 propria
517 1382 701 1461 discretum·
735 1384 797 1444 nisi
819 1404 878 1461 eo,
911 1369 1060 1466 quod³et

100 1481 156 1543 hic
178 1483 391 1544 comoediae
413 1481 667 1548 bacchanalibus
690 1483 801 1544 exorta
812 1481 951 1547 Baccho
967 1483 1060 1544 'sacra
1119 1509 1120 1570 3

100 1581 306 1644 habebatur?
466 1583 467 1592 ’
927 1589 930 1597 “

162 1671 288 1744 Verum
309 1683 488 1766 praecipue
506 1683 546 1745 de
560 1681 739 1767 Syracusiis
756 1683 839 1762 haec
861 1679 947 1745 dicta
969 1684 1059 1746 scias.

93 1775 228 1861 uorum
250 1785 339 1844 enim
361 1770 439 1845 uibs
462 1783 714 1858 Corinthiorum
737 1783 868 1852 ,colonia
890 1791 977 1861 erat,
1002 1783 1059 1866 qui

102 1890 184 1942 teste
206 1882 364 1944 Pausania
387 1884 422 1942 ll.
446 1905 490 1958 a.‚
515 1879 543 1944 5.
558 1900 657 1944 ,sacra
678 1881 876 1966 Dionysiaca
896 1883 1059 1964 antiquis-

102 1981 189 2041 simis
218 1981 281 2041 iam
303 1983 514 2066 ⁴temporibus
545 1981 716 2041 celebrare
748 1982 952 2064 inceperant.
996 1987 1059 2042 Ao-

102 2080 205 2154 cedit,
245 2080 336 2163 quod
363 2080 601 2164 Syracusarum
630 2079 759 2140 incolae
792 2081 888 2139 insita
920 2079 1059 2163 quadam

100 2181 284 2264 petulantia
313 2181 353 2241 ad
376 2181 774 2242 cavillationes'mimicas
804 2189 838 2240 et
859 2180 985 2240 comica
1007 2179 1059 2239 lu-

101 2281 193 2341 dicra
217 2280 356 2341 ‘maxime
388 2288 482 2340 erant
508 2279 683 2362 proclives.
720 2279 827 2364 'Quod
859 2279 924 2339 iam
952 2283 992 2338 'ex
1015 2300 1055 2339 eo

102 2379 319 2462 perspicitur,
343 2379 435 2460 quod
458 2380 608 2452 omuibus
632 2376 813 2438 chororum
834 2376 1058 2438 saltationibus

105 2487 139 2538 et
171 2479 317 2538 cantibus
350 2499 406 2537 eos
435 2468 797 2560 p1·aepouebant,³qui
827 2477 866 2537 ab
899 2476 1057 2536 lumbistis

106 2578 299 2640 edebantur.
343 2578 389 2637 Cf.
413 2577 530 2637 Athen.
553 2577 605 2639 lv.
628 2599 659 2659 p.
675 2577 739 2638 181.
764 2597 790 2637 c.
829 2575 908 2647 Inde
932 2567 1059 2638 comica

106 2680 266 2762 quaedam
293 2676 478 2760 spectacula
508 2696 574 2736 non
597 2676 698 2737 modo
734 2677 774 2738 ad
797 2677 897 2759 ipsius
919 2677 1058 2760 Dionysi

106 2801 257 2862 pompas,
290 2799 405 2837 verum
433 2785 465 2837 et
492 2776 633 2836 aliorum
664 2775 822 2854 deorum,
853 2777 902 2836 uti
924 2777 1056 2838 Cereris

105 2887 139 2938 et
159 2879 284 2954 Dianae
306 2877 403 2937 sacris
426 2875 642 2936 addebantur.
667 2877 718 2936 Cf.
741 2875 891 2936 Mueller.
909 2862 994 2935 Dor.
1019 2879 1056 2936 Il.

103 3003 137 3064 p.
168 2983 236 3041 320.
284 2982 396 3062 Neque
429 2977 462 3036 in
495 2977 562 3037 ulla
592 2977 730 3038 Graecia
757 2978 894 3060 regione
924 2998 961 3038 ea
993 2985 1059 3038 tarn

108 3081 183 3158 diu,
216 3080 500 3164 quamWSyrucusis
529 3085 655 3138 servata
682 3097 749 3138 esse
772 3075 937 3138 videntur.
980 3077 1060 3138 Ete-

106 3183 175 3242 nim
197 3181 242 3242 ihi
275 3189 308 3240 et
335 3179 548 3259 ad·tempora
570 3176 754 3256 Aristotelis
778 3197 889 3258 ,usque
918 3163 1061 3258 phallita

107 3281 252 3341 carmina
274 3279 472 3358 retinebant,
492 3285 525 3336 et
541 3276 719 3337 etiamnum
741 3296 778 3336 ea
800 3267 1061 3357 paucisqu'idem
1111 3299 1112 3302 ¹

107 3379 283 3466 immutatis
310 3377 397 3459 apud
420 3375 608 3458 Syracusios
631 3372 869 3455 deprehendas.
912 3375 1059 3456 Namque

109 3489 219 3542 nostra
233 3478 347 3540 *adhuc
364 3485 468 3538 aetate
482 3475 644 3560 Syracosii
668 3473 865 3538 christianus
887 3473 1061 3558 religionis
