<?xml version="1.0" encoding="UTF-8"?>
<!DOCTYPE html PUBLIC "-//W3C//DTD XHTML 1.0 Transitional//EN"
    "http://www.w3.org/TR/xhtml1/DTD/xhtml1-transitional.dtd">
<html xmlns="http://www.w3.org/1999/xhtml" xml:lang="en" lang="en">
 <head>
  <title>
</title>
<meta http-equiv="Content-Type" content="text/html;charset=utf-8" />
  <meta name='ocr-system' content='tesseract 3.04.00' />
  <meta name='ocr-capabilities' content='ocr_page ocr_carea ocr_par ocr_line ocrx_word'/>
</head>
<body>
  <div class='ocr_page' id='page_1' title='image "./dedoriensiumcom01grysgoog_0111.png"; bbox 0 0 2210 3798; ppageno 0'>
   <div class='ocr_carea' id='block_1_1' title="bbox 508 44 689 172">
    <p class='ocr_par' dir='ltr' id='par_1_1' title="bbox 508 44 689 172">
     <span class='ocr_line' id='line_1_1' title="bbox 508 44 689 172; baseline 0 -121"><span class='ocrx_word' id='word_1_1' title='bbox 508 49 651 172; x_wconf 35' lang='grc' dir='ltr'><strong><em>Α</em></strong></span> <span class='ocrx_word' id='word_1_2' title='bbox 686 44 689 51; x_wconf 80' lang='grc'><strong>,</strong></span> 
     </span>
    </p>
   </div>
   <div class='ocr_carea' id='block_1_2' title="bbox 49 243 1103 3526">
    <p class='ocr_par' dir='ltr' id='par_1_2' title="bbox 49 243 1103 3526">
     <span class='ocr_line' id='line_1_2' title="bbox 104 243 1066 342; baseline 0.005 -25"><span class='ocrx_word' id='word_1_3' title='bbox 104 256 159 318; x_wconf 73' lang='lat' dir='ltr'><strong>tir</strong></span> <span class='ocrx_word' id='word_1_4' title='bbox 179 245 314 339; x_wconf 70' lang='grc' dir='ltr'><strong>ἀδελφὸν</strong></span> <span class='ocrx_word' id='word_1_5' title='bbox 335 275 418 341; x_wconf 82' lang='grc' dir='ltr'>φησι</span> <span class='ocrx_word' id='word_1_6' title='bbox 438 277 468 318; x_wconf 75' lang='lat' dir='ltr'><strong>s:</strong></span> <span class='ocrx_word' id='word_1_7' title='bbox 477 279 505 318; x_wconf 86' lang='grc' dir='ltr'><strong>τ.</strong></span> <span class='ocrx_word' id='word_1_8' title='bbox 516 259 543 328; x_wconf 80' lang='lat' dir='ltr'><strong>l.</strong></span> <span class='ocrx_word' id='word_1_9' title='bbox 586 259 622 318; x_wconf 92' lang='lat' dir='ltr'><strong>ln</strong></span> <span class='ocrx_word' id='word_1_10' title='bbox 645 255 765 342; x_wconf 84' lang='lat' dir='ltr'><strong>quibus</strong></span> <span class='ocrx_word' id='word_1_11' title='bbox 788 257 958 322; x_wconf 85' lang='lat' dir='ltr'><strong>verbisne</strong></span> <span class='ocrx_word' id='word_1_12' title='bbox 975 243 1066 323; x_wconf 83' lang='lat' dir='ltr'><strong>male</strong></span> 
     </span>
     <span class='ocr_line' id='line_1_3' title="bbox 102 355 1067 442; baseline 0.004 -26"><span class='ocrx_word' id='word_1_13' title='bbox 102 377 160 416; x_wconf 92' lang='lat' dir='ltr'><strong>nos</strong></span> <span class='ocrx_word' id='word_1_14' title='bbox 182 355 320 434; x_wconf 82' lang='lat' dir='ltr'><strong>haheat,</strong></span> <span class='ocrx_word' id='word_1_15' title='bbox 347 357 513 442; x_wconf 78' lang='lat' dir='ltr'><strong>Thyrs&#39;um</strong></span> <span class='ocrx_word' id='word_1_16' title='bbox 534 355 609 426; x_wconf 83' lang='lat' dir='ltr'><strong>loco</strong></span> <span class='ocrx_word' id='word_1_17' title='bbox 629 355 790 418; x_wconf 87' lang='lat' dir='ltr'><strong>Elothalis</strong></span> <span class='ocrx_word' id='word_1_18' title='bbox 823 381 841 419; x_wconf 89' lang='lat' dir='ltr'><strong>a</strong></span> <span class='ocrx_word' id='word_1_19' title='bbox 874 359 1067 422; x_wconf 75' lang='lat' dir='ltr'>Iamblicho</span> 
     </span>
     <span class='ocr_line' id='line_1_4' title="bbox 102 452 1069 540; baseline 0.002 -24"><span class='ocrx_word' id='word_1_20' title='bbox 102 455 371 532; x_wconf 83' lang='lat' dir='ltr'><strong>commemorari,</strong></span> <span class='ocrx_word' id='word_1_21' title='bbox 398 472 499 516; x_wconf 80' lang='lat' dir='ltr'><strong>error</strong></span> <span class='ocrx_word' id='word_1_22' title='bbox 514 452 590 516; x_wconf 87' lang='lat' dir='ltr'><strong>iste</strong></span> <span class='ocrx_word' id='word_1_23' title='bbox 619 452 790 520; x_wconf 78' lang='lat' dir='ltr'><strong>lamblicni</strong></span> <span class='ocrx_word' id='word_1_24' title='bbox 816 471 886 517; x_wconf 81' lang='lat' dir='ltr'><strong>uon</strong></span> <span class='ocrx_word' id='word_1_25' title='bbox 908 459 1069 540; x_wconf 78' lang='lat' dir='ltr'><strong>pertinet</strong></span> 
     </span>
     <span class='ocr_line' id='line_1_5' title="bbox 102 551 1069 644; baseline 0.006 -30"><span class='ocrx_word' id='word_1_26' title='bbox 102 551 143 638; x_wconf 87' lang='lat' dir='ltr'><strong>ad</strong></span> <span class='ocrx_word' id='word_1_27' title='bbox 166 555 408 638; x_wconf 82' lang='lat' dir='ltr'><strong>quaestionem,</strong></span> <span class='ocrx_word' id='word_1_28' title='bbox 429 563 513 637; x_wconf 79' lang='lat' dir='ltr'><strong>quae</strong></span> <span class='ocrx_word' id='word_1_29' title='bbox 536 565 624 644; x_wconf 85' lang='lat' dir='ltr'><strong>nuno</strong></span> <span class='ocrx_word' id='word_1_30' title='bbox 645 575 663 615; x_wconf 89' lang='lat' dir='ltr'><strong>a</strong></span> <span class='ocrx_word' id='word_1_31' title='bbox 686 547 963 641; x_wconf 79' lang='lat' dir='ltr'><strong>nohist&#39;ra&#39;o&#39;tal&#39;ur.</strong></span> <span class='ocrx_word' id='word_1_32' title='bbox 988 557 1069 620; x_wconf 84' lang='lat' dir='ltr'><strong>Hoc</strong></span> 
     </span>
     <span class='ocr_line' id='line_1_6' title="bbox 99 641 1067 740; baseline 0.003 -24"><span class='ocrx_word' id='word_1_33' title='bbox 99 663 210 716; x_wconf 80' lang='lat' dir='ltr'><strong>autem</strong></span> <span class='ocrx_word' id='word_1_34' title='bbox 230 653 408 716; x_wconf 79' lang='lat' dir='ltr'><strong>certissima</strong></span> <span class='ocrx_word' id='word_1_35' title='bbox 429 641 557 716; x_wconf 84' lang='lat' dir='ltr'><strong>satione</strong></span> <span class='ocrx_word' id='word_1_36' title='bbox 580 653 657 716; x_wconf 87' lang='lat' dir='ltr'><strong>inde</strong></span> <span class='ocrx_word' id='word_1_37' title='bbox 679 647 802 717; x_wconf 81' lang='lat' dir='ltr'><strong>confici</strong></span> <span class='ocrx_word' id='word_1_38' title='bbox 823 657 950 740; x_wconf 82' lang='lat' dir='ltr'><strong>potest,</strong></span> <span class='ocrx_word' id='word_1_39' title='bbox 986 659 1067 719; x_wconf 85' lang='lat' dir='ltr'><strong>Me-</strong></span> 
     </span>
     <span class='ocr_line' id='line_1_7' title="bbox 79 743 1070 840; baseline 0.004 -24"><span class='ocrx_word' id='word_1_40' title='bbox 79 743 275 817; x_wconf 64' lang='grc' dir='ltr'><strong>ίιἰοᾶοιιιιιι</strong></span> <span class='ocrx_word' id='word_1_41' title='bbox 295 744 400 816; x_wconf 82' lang='lat' dir='ltr'><strong>lilium</strong></span> <span class='ocrx_word' id='word_1_42' title='bbox 421 769 440 816; x_wconf 77' lang='lat' dir='ltr'><strong>a</strong></span> <span class='ocrx_word' id='word_1_43' title='bbox 460 755 554 838; x_wconf 87' lang='lat' dir='ltr'><strong>patre</strong></span> <span class='ocrx_word' id='word_1_44' title='bbox 570 761 748 838; x_wconf 81' lang='lat' dir='ltr'><strong>praecepta</strong></span> <span class='ocrx_word' id='word_1_45' title='bbox 765 753 928 840; x_wconf 80' lang='lat' dir='ltr'><strong>quaedam</strong></span> <span class='ocrx_word' id='word_1_46' title='bbox 948 751 1007 818; x_wconf 81' lang='lat' dir='ltr'><strong>vei</strong></span> <span class='ocrx_word' id='word_1_47' title='bbox 1029 779 1070 820; x_wconf 78' lang='lat' dir='ltr'><strong>ex</strong></span> 
     </span>
     <span class='ocr_line' id='line_1_8' title="bbox 102 847 1068 940; baseline 0.002 -24"><span class='ocrx_word' id='word_1_48' title='bbox 102 873 162 916; x_wconf 89' lang='lat' dir='ltr'><strong>ore</strong></span> <span class='ocrx_word' id='word_1_49' title='bbox 199 855 267 925; x_wconf 86' lang='lat' dir='ltr'><strong>cius</strong></span> <span class='ocrx_word' id='word_1_50' title='bbox 298 854 350 916; x_wconf 86' lang='lat' dir='ltr'><strong>vel</strong></span> <span class='ocrx_word' id='word_1_51' title='bbox 385 854 507 938; x_wconf 88' lang='lat' dir='ltr'><strong>scripta</strong></span> <span class='ocrx_word' id='word_1_52' title='bbox 535 847 749 938; x_wconf 88' lang='lat' dir='ltr'><strong>percepisse,</strong></span> <span class='ocrx_word' id='word_1_53' title='bbox 783 863 1068 940; x_wconf 77' lang='lat' dir='ltr'><strong>eaquepostca,</strong></span> 
     </span>
     <span class='ocr_line' id='line_1_9' title="bbox 100 951 1068 1044; baseline 0 -30"><span class='ocrx_word' id='word_1_54' title='bbox 100 961 233 1015; x_wconf 88' lang='lat' dir='ltr'><strong>mortuo</strong></span> <span class='ocrx_word' id='word_1_55' title='bbox 247 953 400 1015; x_wconf 78' lang='lat' dir='ltr'><strong>fortasse</strong></span> <span class='ocrx_word' id='word_1_56' title='bbox 430 953 542 1036; x_wconf 81' lang='lat' dir='ltr'><strong>patre,</strong></span> <span class='ocrx_word' id='word_1_57' title='bbox 575 953 672 1016; x_wconf 76' lang='lat' dir='ltr'><strong>fratri</strong></span> <span class='ocrx_word' id='word_1_58' title='bbox 697 951 899 1044; x_wconf 77' lang='lat' dir='ltr'><strong>addiscenda</strong></span> <span class='ocrx_word' id='word_1_59' title='bbox 926 964 1068 1038; x_wconf 80' lang='lat' dir='ltr'><strong>propo-</strong></span> 
     </span>
     <span class='ocr_line' id='line_1_10' title="bbox 49 1033 1066 1138; baseline 0.002 -24"><span class='ocrx_word' id='word_1_60' title='bbox 49 1131 52 1138; x_wconf 17' lang='lat'>*</span> <span class='ocrx_word' id='word_1_61' title='bbox 99 1054 211 1116; x_wconf 87' lang='lat' dir='ltr'><strong>suisse.</strong></span> <span class='ocrx_word' id='word_1_62' title='bbox 260 1052 333 1116; x_wconf 84' lang='lat' dir='ltr'><strong>Huc</strong></span> <span class='ocrx_word' id='word_1_63' title='bbox 361 1049 535 1138; x_wconf 78' lang='lat' dir='ltr'><strong>pertinent</strong></span> <span class='ocrx_word' id='word_1_64' title='bbox 561 1055 619 1116; x_wconf 89' lang='lat' dir='ltr'><strong>illa</strong></span> <span class='ocrx_word' id='word_1_65' title='bbox 649 1033 859 1137; x_wconf 69' lang='grc' dir='ltr'>ἐξηγοῦμινιις</span> <span class='ocrx_word' id='word_1_66' title='bbox 889 1051 969 1129; x_wconf 75' lang='grc' dir='ltr'><strong><em>τοῦς</em></strong></span> <span class='ocrx_word' id='word_1_67' title='bbox 999 1056 1066 1117; x_wconf 78' lang='grc' dir='ltr'><strong>’τοῦ</strong></span> 
     </span>
     <span class='ocr_line' id='line_1_11' title="bbox 99 1145 1067 1238; baseline 0.004 -24"><span class='ocrx_word' id='word_1_68' title='bbox 99 1145 218 1237; x_wconf 80' lang='grc' dir='ltr'><strong><em>πατρος</em></strong></span> <span class='ocrx_word' id='word_1_69' title='bbox 238 1150 351 1235; x_wconf 78' lang='grc' dir='ltr'><em>λόγους</em></span> <span class='ocrx_word' id='word_1_70' title='bbox 371 1150 453 1237; x_wconf 75' lang='grc' dir='ltr'><strong><em>πρός</em></strong></span> <span class='ocrx_word' id='word_1_71' title='bbox 471 1149 526 1216; x_wconf 77' lang='grc' dir='ltr'><strong>τὸν</strong></span> <span class='ocrx_word' id='word_1_72' title='bbox 547 1145 695 1238; x_wconf 72' lang='grc' dir='ltr'><strong>ἀδελφόν.</strong></span> <span class='ocrx_word' id='word_1_73' title='bbox 736 1157 850 1238; x_wconf 83' lang='lat' dir='ltr'><strong>Neque</strong></span> <span class='ocrx_word' id='word_1_74' title='bbox 875 1154 992 1238; x_wconf 82' lang='lat' dir='ltr'><strong>qualia</strong></span> <span class='ocrx_word' id='word_1_75' title='bbox 1024 1168 1067 1218; x_wconf 78' lang='grc' dir='ltr'><strong>ἰιι</strong></span> 
     </span>
     <span class='ocr_line' id='line_1_12' title="bbox 99 1241 1070 1350; baseline 0.002 -36"><span class='ocrx_word' id='word_1_76' title='bbox 99 1249 226 1316; x_wconf 85' lang='lat' dir='ltr'><strong>fuerint</strong></span> <span class='ocrx_word' id='word_1_77' title='bbox 246 1263 441 1338; x_wconf 76' lang='lat' dir='ltr'><strong>praesepia,</strong></span> <span class='ocrx_word' id='word_1_78' title='bbox 465 1249 616 1316; x_wconf 76' lang='lat' dir='ltr'><strong>dubitare</strong></span> <span class='ocrx_word' id='word_1_79' title='bbox 634 1241 785 1350; x_wconf 76' lang='lat' dir='ltr'><strong>poteris,</strong></span> <span class='ocrx_word' id='word_1_80' title='bbox 807 1254 947 1318; x_wconf 74' lang='lat' dir='ltr'><strong>sirotha</strong></span> <span class='ocrx_word' id='word_1_81' title='bbox 960 1261 1070 1338; x_wconf 68' lang='lat' dir='ltr'><strong>prae-</strong></span> 
     </span>
     <span class='ocr_line' id='line_1_13' title="bbox 99 1338 1070 1439; baseline 0.002 -23"><span class='ocrx_word' id='word_1_82' title='bbox 99 1354 252 1416; x_wconf 77' lang='lat' dir='ltr'>cedentia</span> <span class='ocrx_word' id='word_1_83' title='bbox 273 1343 471 1438; x_wconf 71' lang='lat' dir='ltr'><strong>respexeris:</strong></span> <span class='ocrx_word' id='word_1_84' title='bbox 491 1338 543 1416; x_wconf 77' lang='lat' dir='ltr'><strong>&#39;sii</strong></span> <span class='ocrx_word' id='word_1_85' title='bbox 574 1349 700 1418; x_wconf 80' lang='grc' dir='ltr'>πλιιοιια</span> <span class='ocrx_word' id='word_1_86' title='bbox 727 1351 808 1438; x_wconf 79' lang='grc' dir='ltr'><strong><em>πρὸς</em></strong></span> <span class='ocrx_word' id='word_1_87' title='bbox 827 1343 901 1437; x_wconf 68' lang='grc' dir='ltr'><strong>τὴν</strong></span> <span class='ocrx_word' id='word_1_88' title='bbox 907 1350 1070 1439; x_wconf 72' lang='grc' dir='ltr'>ἰατρικὴν</span> 
     </span>
     <span class='ocr_line' id='line_1_14' title="bbox 96 1449 1062 1542; baseline -0.004 -23"><span class='ocrx_word' id='word_1_89' title='bbox 96 1454 295 1539; x_wconf 72' lang='grc' dir='ltr'><em>μετενέγκας.</em></span> <span class='ocrx_word' id='word_1_90' title='bbox 336 1451 489 1542; x_wconf 83' lang='lat' dir='ltr'>Namque</span> <span class='ocrx_word' id='word_1_91' title='bbox 503 1473 610 1518; x_wconf 87' lang='lat' dir='ltr'><strong>sermo</strong></span> <span class='ocrx_word' id='word_1_92' title='bbox 633 1463 681 1519; x_wconf 85' lang='lat' dir='ltr'><strong>cst</strong></span> <span class='ocrx_word' id='word_1_93' title='bbox 703 1449 743 1523; x_wconf 87' lang='lat' dir='ltr'><strong>de</strong></span> <span class='ocrx_word' id='word_1_94' title='bbox 765 1456 952 1539; x_wconf 75' lang='lat' dir='ltr'><strong>praeceptis</strong></span> <span class='ocrx_word' id='word_1_95' title='bbox 977 1457 1062 1540; x_wconf 85' lang='lat' dir='ltr'><strong>phi</strong></span> 
     </span>
     <span class='ocr_line' id='line_1_15' title="bbox 78 1550 1066 1640; baseline 0.003 -25"><span class='ocrx_word' id='word_1_96' title='bbox 78 1555 269 1639; x_wconf 75' lang='lat' dir='ltr'><strong>‘losophiae</strong></span> <span class='ocrx_word' id='word_1_97' title='bbox 296 1550 552 1640; x_wconf 58' lang='lat' dir='ltr'><strong>Pythagoricae,</strong></span> <span class='ocrx_word' id='word_1_98' title='bbox 584 1575 668 1638; x_wconf 89' lang='lat' dir='ltr'><strong>quae</strong></span> <span class='ocrx_word' id='word_1_99' title='bbox 698 1553 841 1638; x_wconf 87' lang='lat' dir='ltr'><strong>plurima</strong></span> <span class='ocrx_word' id='word_1_100' title='bbox 876 1553 918 1616; x_wconf 88' lang='lat' dir='ltr'><strong>ad</strong></span> <span class='ocrx_word' id='word_1_101' title='bbox 948 1565 1066 1618; x_wconf 80' lang='lat' dir='ltr'><strong>artem</strong></span> 
     </span>
     <span class='ocr_line' id='line_1_16' title="bbox 98 1651 1065 1735; baseline 0.003 -22"><span class='ocrx_word' id='word_1_102' title='bbox 98 1677 189 1716; x_wconf 85' lang='lat' dir='ltr'><strong>suam</strong></span> <span class='ocrx_word' id='word_1_103' title='bbox 211 1653 372 1716; x_wconf 79' lang='lat' dir='ltr'><strong>medicam</strong></span> <span class='ocrx_word' id='word_1_104' title='bbox 392 1653 599 1714; x_wconf 82' lang='lat' dir='ltr'><strong>transtulerit</strong></span> <span class='ocrx_word' id='word_1_105' title='bbox 612 1651 841 1714; x_wconf 83' lang='lat' dir='ltr'><strong>Metrodorus.</strong></span> <span class='ocrx_word' id='word_1_106' title='bbox 885 1653 1065 1735; x_wconf 21' lang='lat' dir='ltr'><strong>Quod-au-</strong></span> 
     </span>
     <span class='ocr_line' id='line_1_17' title="bbox 97 1750 1066 1842; baseline 0.003 -30"><span class='ocrx_word' id='word_1_107' title='bbox 97 1761 165 1813; x_wconf 88' lang='lat' dir='ltr'><strong>tem</strong></span> <span class='ocrx_word' id='word_1_108' title='bbox 180 1751 342 1842; x_wconf 73' lang='lat' dir='ltr'><strong>eandem,</strong></span> <span class='ocrx_word' id='word_1_109' title='bbox 364 1751 420 1814; x_wconf 88' lang='lat' dir='ltr'><strong>oui</strong></span> <span class='ocrx_word' id='word_1_110' title='bbox 441 1760 537 1836; x_wconf 85' lang='lat' dir='ltr'><strong>pater</strong></span> <span class='ocrx_word' id='word_1_111' title='bbox 558 1772 592 1814; x_wconf 88' lang='lat' dir='ltr'><strong>so</strong></span> <span class='ocrx_word' id='word_1_112' title='bbox 612 1750 800 1830; x_wconf 75' lang='lat' dir='ltr'><strong>addixerat,</strong></span> <span class='ocrx_word' id='word_1_113' title='bbox 832 1756 937 1836; x_wconf 84' lang='lat' dir='ltr'><strong>artem</strong></span> <span class='ocrx_word' id='word_1_114' title='bbox 961 1761 1066 1816; x_wconf 85' lang='lat' dir='ltr'><strong>uter-</strong></span> 
     </span>
     <span class='ocr_line' id='line_1_18' title="bbox 87 1845 1064 1934; baseline 0.001 -22"><span class='ocrx_word' id='word_1_115' title='bbox 87 1873 164 1933; x_wconf 86' lang='lat' dir='ltr'><strong>.que</strong></span> <span class='ocrx_word' id='word_1_116' title='bbox 193 1850 280 1910; x_wconf 84' lang='lat' dir='ltr'><strong>lilius</strong></span> <span class='ocrx_word' id='word_1_117' title='bbox 312 1865 448 1934; x_wconf 86' lang='lat' dir='ltr'><strong>quoque</strong></span> <span class='ocrx_word' id='word_1_118' title='bbox 480 1845 638 1934; x_wconf 83' lang='lat' dir='ltr'><strong>arripuit:</strong></span> <span class='ocrx_word' id='word_1_119' title='bbox 673 1849 708 1911; x_wconf 87' lang='lat' dir='ltr'><strong>id</strong></span> <span class='ocrx_word' id='word_1_120' title='bbox 735 1855 778 1911; x_wconf 79' lang='lat' dir='ltr'><strong>&#39;ex</strong></span> <span class='ocrx_word' id='word_1_121' title='bbox 806 1849 1064 1913; x_wconf 84' lang='lat' dir='ltr'><strong>consuetudine</strong></span> 
     </span>
     <span class='ocr_line' id='line_1_19' title="bbox 96 1943 1067 2036; baseline 0.002 -22"><span class='ocrx_word' id='word_1_122' title='bbox 96 1973 218 2014; x_wconf 85' lang='lat' dir='ltr'><strong>eorum·</strong></span> <span class='ocrx_word' id='word_1_123' title='bbox 243 1951 406 2034; x_wconf 82' lang='lat' dir='ltr'><strong>explicari</strong></span> <span class='ocrx_word' id='word_1_124' title='bbox 436 1951 553 2029; x_wconf 84' lang='lat' dir='ltr'><strong>debet,</strong></span> <span class='ocrx_word' id='word_1_125' title='bbox 583 1953 643 2035; x_wconf 86' lang='lat' dir='ltr'><strong>qui</strong></span> <span class='ocrx_word' id='word_1_126' title='bbox 665 1971 685 2012; x_wconf 81' lang='lat' dir='ltr'><strong>e</strong></span> <span class='ocrx_word' id='word_1_127' title='bbox 706 1957 803 2036; x_wconf 81' lang='lat' dir='ltr'><strong>geute</strong></span> <span class='ocrx_word' id='word_1_128' title='bbox 824 1943 1067 2034; x_wconf 76' lang='lat' dir='ltr'><strong>Asclepiadum</strong></span> 
     </span>
     <span class='ocr_line' id='line_1_20' title="bbox 51 2043 1066 2142; baseline 0.001 -28"><span class='ocrx_word' id='word_1_129' title='bbox 51 2129 55 2142; x_wconf 78' lang='lat'><strong>.</strong></span> <span class='ocrx_word' id='word_1_130' title='bbox 97 2063 214 2115; x_wconf 85' lang='lat' dir='ltr'><strong>essent.</strong></span> <span class='ocrx_word' id='word_1_131' title='bbox 237 2084 239 2088; x_wconf 95' lang='lat'>·</span> <span class='ocrx_word' id='word_1_132' title='bbox 256 2055 400 2136; x_wconf 79' lang='lat' dir='ltr'><strong>Namque</strong></span> <span class='ocrx_word' id='word_1_133' title='bbox 418 2043 605 2114; x_wconf 88' lang='lat' dir='ltr'><strong>Elothalem</strong></span> <span class='ocrx_word' id='word_1_134' title='bbox 618 2051 834 2136; x_wconf 70' lang='lat' dir='ltr'><strong>Asclepiaden</strong></span> <span class='ocrx_word' id='word_1_135' title='bbox 856 2047 955 2112; x_wconf 81' lang='lat' dir='ltr'><strong>luisse</strong></span> <span class='ocrx_word' id='word_1_136' title='bbox 974 2061 1066 2115; x_wconf 60' lang='lat' dir='ltr'><strong>tuero</strong></span> 
     </span>
     <span class='ocr_line' id='line_1_21' title="bbox 99 2143 1103 2244; baseline 0.002 -30"><span class='ocrx_word' id='word_1_137' title='bbox 99 2159 148 2214; x_wconf 86' lang='lat' dir='ltr'><strong>est</strong></span> <span class='ocrx_word' id='word_1_138' title='bbox 169 2145 378 2213; x_wconf 86' lang='lat' dir='ltr'><strong>simillimum.</strong></span> <span class='ocrx_word' id='word_1_139' title='bbox 419 2143 467 2214; x_wconf 83' lang='lat' dir='ltr'><strong>Ea</strong></span> <span class='ocrx_word' id='word_1_140' title='bbox 487 2159 598 2212; x_wconf 79' lang='lat' dir='ltr'><strong>autem</strong></span> <span class='ocrx_word' id='word_1_141' title='bbox 618 2147 740 2228; x_wconf 81' lang='lat' dir='ltr'><strong>aetate,</strong></span> <span class='ocrx_word' id='word_1_142' title='bbox 763 2167 829 2236; x_wconf 84' lang='lat' dir='ltr'><strong>qua</strong></span> <span class='ocrx_word' id='word_1_143' title='bbox 846 2147 961 2222; x_wconf 78' lang='lat' dir='ltr'><strong>&#39;floruit</strong></span> <span class='ocrx_word' id='word_1_144' title='bbox 979 2152 1066 2244; x_wconf 79' lang='lat' dir='ltr'><strong>iste,</strong></span> <span class='ocrx_word' id='word_1_145' title='bbox 1102 2185 1103 2194; x_wconf 39' lang='grc' dir='ltr'>ι</span> 
     </span>
     <span class='ocr_line' id='line_1_22' title="bbox 98 2245 1067 2342; baseline 0.002 -30"><span class='ocrx_word' id='word_1_146' title='bbox 98 2252 212 2335; x_wconf 89' lang='lat' dir='ltr'><strong>idque</strong></span> <span class='ocrx_word' id='word_1_147' title='bbox 210 2253 319 2313; x_wconf 82' lang='lat' dir='ltr'><strong>fuisso</strong></span> <span class='ocrx_word' id='word_1_148' title='bbox 340 2245 430 2315; x_wconf 86' lang='lat' dir='ltr'><strong>circa</strong></span> <span class='ocrx_word' id='word_1_149' title='bbox 450 2251 505 2311; x_wconf 90' lang='lat' dir='ltr'><strong>Ol.</strong></span> <span class='ocrx_word' id='word_1_150' title='bbox 526 2251 594 2311; x_wconf 66' lang='lat' dir='ltr'><strong>LK</strong></span> <span class='ocrx_word' id='word_1_151' title='bbox 618 2247 704 2310; x_wconf 83' lang='lat' dir='ltr'><strong>infra</strong></span> <span class='ocrx_word' id='word_1_152' title='bbox 726 2248 953 2342; x_wconf 85' lang='lat' dir='ltr'><strong>ostendam,</strong></span> <span class='ocrx_word' id='word_1_153' title='bbox 943 2272 982 2310; x_wconf 89' lang='grc' dir='ltr'><strong>ιιι</strong></span> <span class='ocrx_word' id='word_1_154' title='bbox 1006 2251 1067 2314; x_wconf 84' lang='lat' dir='ltr'><strong>in-</strong></span> 
     </span>
     <span class='ocr_line' id='line_1_23' title="bbox 100 2335 1065 2436; baseline -0.001 -21"><span class='ocrx_word' id='word_1_155' title='bbox 100 2352 169 2416; x_wconf 87' lang='lat' dir='ltr'><strong>sula</strong></span> <span class='ocrx_word' id='word_1_156' title='bbox 188 2353 236 2413; x_wconf 89' lang='lat' dir='ltr'><strong>Co</strong></span> <span class='ocrx_word' id='word_1_157' title='bbox 259 2345 395 2436; x_wconf 85' lang='lat' dir='ltr'><strong>aliisque</strong></span> <span class='ocrx_word' id='word_1_158' title='bbox 418 2351 499 2414; x_wconf 90' lang='lat' dir='ltr'><strong>locis</strong></span> <span class='ocrx_word' id='word_1_159' title='bbox 522 2349 629 2412; x_wconf 86' lang='lat' dir='ltr'><strong>omnis</strong></span> <span class='ocrx_word' id='word_1_160' title='bbox 651 2343 807 2411; x_wconf 86' lang='lat' dir='ltr'><strong>medendi</strong></span> <span class='ocrx_word' id='word_1_161' title='bbox 829 2335 970 2412; x_wconf 82' lang='lat' dir='ltr'><strong>scientia</strong></span> <span class='ocrx_word' id='word_1_162' title='bbox 993 2357 1065 2436; x_wconf 77' lang='lat' dir='ltr'><strong>pe-</strong></span> 
     </span>
     <span class='ocr_line' id='line_1_24' title="bbox 102 2434 1066 2533; baseline 0.003 -22"><span class='ocrx_word' id='word_1_163' title='bbox 102 2471 160 2514; x_wconf 85' lang='lat' dir='ltr'><strong>nes</strong></span> <span class='ocrx_word' id='word_1_164' title='bbox 192 2447 376 2514; x_wconf 83' lang='lat' dir='ltr'><strong>sacerdotes</strong></span> <span class='ocrx_word' id='word_1_165' title='bbox 401 2457 508 2528; x_wconf 76' lang='lat' dir='ltr'><strong>erat,</strong></span> <span class='ocrx_word' id='word_1_166' title='bbox 518 2471 581 2531; x_wconf 82' lang='lat' dir='ltr'><strong>qus</strong></span> <span class='ocrx_word' id='word_1_167' title='bbox 571 2447 642 2510; x_wconf 77' lang='lat' dir='ltr'><strong>ab</strong></span> <span class='ocrx_word' id='word_1_168' title='bbox 664 2434 863 2531; x_wconf 66' lang='lat' dir='ltr'><strong>Aesculapio</strong></span> <span class='ocrx_word' id='word_1_169' title='bbox 887 2435 1066 2533; x_wconf 81' lang='lat' dir='ltr'><strong>originem</strong></span> 
     </span>
     <span class='ocr_line' id='line_1_25' title="bbox 100 2545 1065 2634; baseline 0 -23"><span class='ocrx_word' id='word_1_170' title='bbox 100 2568 190 2612; x_wconf 85' lang='lat' dir='ltr'><strong>suam</strong></span> <span class='ocrx_word' id='word_1_171' title='bbox 209 2549 368 2611; x_wconf 84' lang='lat' dir='ltr'><strong>ducentes</strong></span> <span class='ocrx_word' id='word_1_172' title='bbox 396 2567 431 2610; x_wconf 85' lang='lat' dir='ltr'><strong>se</strong></span> <span class='ocrx_word' id='word_1_173' title='bbox 452 2545 659 2630; x_wconf 75' lang='lat' dir='ltr'><strong>Asclepiades</strong></span> <span class='ocrx_word' id='word_1_174' title='bbox 684 2545 847 2610; x_wconf 84' lang='lat' dir='ltr'><strong>dicebant.</strong></span> <span class='ocrx_word' id='word_1_175' title='bbox 888 2547 1004 2608; x_wconf 87' lang='lat' dir='ltr'><strong>Erat</strong></span> <span class='ocrx_word' id='word_1_176' title='bbox 994 2553 1065 2634; x_wconf 80' lang='lat' dir='ltr'><strong>rgi-</strong></span> 
     </span>
     <span class='ocr_line' id='line_1_26' title="bbox 98 2638 1066 2728; baseline 0 -18"><span class='ocrx_word' id='word_1_177' title='bbox 98 2657 155 2710; x_wconf 86' lang='lat' dir='ltr'><strong>tur</strong></span> <span class='ocrx_word' id='word_1_178' title='bbox 183 2667 240 2710; x_wconf 87' lang='lat' dir='ltr'><strong>ars·</strong></span> <span class='ocrx_word' id='word_1_179' title='bbox 263 2638 393 2710; x_wconf 84' lang='lat' dir='ltr'><strong>medica</strong></span> <span class='ocrx_word' id='word_1_180' title='bbox 411 2659 569 2708; x_wconf 83' lang='lat' dir='ltr'><strong>arcanum</strong></span> <span class='ocrx_word' id='word_1_181' title='bbox 589 2640 758 2728; x_wconf 80' lang='lat' dir='ltr'><strong>quoddam</strong></span> <span class='ocrx_word' id='word_1_182' title='bbox 785 2653 820 2706; x_wconf 84' lang='lat' dir='ltr'><strong>at</strong></span> <span class='ocrx_word' id='word_1_183' title='bbox 840 2644 953 2707; x_wconf 87' lang='lat' dir='ltr'><strong>ordini</strong></span> <span class='ocrx_word' id='word_1_184' title='bbox 977 2647 1066 2711; x_wconf 87' lang='lat' dir='ltr'><strong>illo-</strong></span> 
     </span>
     <span class='ocr_line' id='line_1_27' title="bbox 99 2736 1064 2832; baseline 0.001 -21"><span class='ocrx_word' id='word_1_185' title='bbox 99 2771 172 2811; x_wconf 89' lang='lat' dir='ltr'><strong>rum</strong></span> <span class='ocrx_word' id='word_1_186' title='bbox 184 2738 477 2832; x_wconf 83' lang='lat' dir='ltr'><strong>quasipropriuns‚</strong></span> <span class='ocrx_word' id='word_1_187' title='bbox 498 2736 590 2829; x_wconf 88' lang='lat' dir='ltr'><strong>quod</strong></span> <span class='ocrx_word' id='word_1_188' title='bbox 612 2763 679 2806; x_wconf 90' lang='lat' dir='ltr'><strong>non</strong></span> <span class='ocrx_word' id='word_1_189' title='bbox 702 2737 837 2806; x_wconf 88' lang='lat' dir='ltr'><strong>initiatis</strong></span> <span class='ocrx_word' id='word_1_190' title='bbox 857 2765 1064 2830; x_wconf 81' lang='lat' dir='ltr'><strong>proponere</strong></span> 
     </span>
     <span class='ocr_line' id='line_1_28' title="bbox 99 2842 1060 2927; baseline 0.002 -19"><span class='ocrx_word' id='word_1_191' title='bbox 99 2848 187 2910; x_wconf 81' lang='lat' dir='ltr'><strong>nefas</strong></span> <span class='ocrx_word' id='word_1_192' title='bbox 216 2846 411 2908; x_wconf 82' lang='lat' dir='ltr'><strong>habebatur.</strong></span> <span class='ocrx_word' id='word_1_193' title='bbox 448 2844 498 2905; x_wconf 84' lang='lat' dir='ltr'><strong>cf.</strong></span> <span class='ocrx_word' id='word_1_194' title='bbox 520 2842 708 2927; x_wconf 81' lang='lat' dir='ltr'><strong>Sprongclii</strong></span> <span class='ocrx_word' id='word_1_195' title='bbox 728 2843 843 2905; x_wconf 83' lang='lat' dir='ltr'><strong>histor.</strong></span> <span class='ocrx_word' id='word_1_196' title='bbox 871 2851 934 2906; x_wconf 79' lang='lat' dir='ltr'><strong>art</strong></span> <span class='ocrx_word' id='word_1_197' title='bbox 963 2847 1060 2910; x_wconf 77' lang='lat' dir='ltr'><strong>med.</strong></span> 
     </span>
     <span class='ocr_line' id='line_1_29' title="bbox 98 2941 1062 3031; baseline -0.002 -23"><span class='ocrx_word' id='word_1_198' title='bbox 98 2955 176 3013; x_wconf 84' lang='lat' dir='ltr'><strong>tom.</strong></span> <span class='ocrx_word' id='word_1_199' title='bbox 198 2947 220 3008; x_wconf 89' lang='lat' dir='ltr'><strong>l.</strong></span> <span class='ocrx_word' id='word_1_200' title='bbox 242 2964 274 3029; x_wconf 92' lang='lat' dir='ltr'><strong>p.</strong></span> <span class='ocrx_word' id='word_1_201' title='bbox 292 2948 362 3029; x_wconf 56' lang='lat'><strong>3⁴49.</strong></span> <span class='ocrx_word' id='word_1_202' title='bbox 384 2952 478 3027; x_wconf 84' lang='lat' dir='ltr'><strong>seqq.</strong></span> <span class='ocrx_word' id='word_1_203' title='bbox 516 2941 645 3022; x_wconf 86' lang='lat' dir='ltr'><strong>Quodsi</strong></span> <span class='ocrx_word' id='word_1_204' title='bbox 666 2963 742 3006; x_wconf 86' lang='lat' dir='ltr'><strong>cum</strong></span> <span class='ocrx_word' id='word_1_205' title='bbox 756 2942 908 3027; x_wconf 71' lang='lat' dir='ltr'><strong>Eloth&#39;ale</strong></span> <span class='ocrx_word' id='word_1_206' title='bbox 931 2955 1062 3031; x_wconf 81' lang='lat' dir='ltr'><strong>myste-</strong></span> 
     </span>
     <span class='ocr_line' id='line_1_30' title="bbox 77 3037 1059 3130; baseline 0.003 -22"><span class='ocrx_word' id='word_1_207' title='bbox 77 3048 149 3130; x_wconf 63' lang='lat' dir='ltr'><strong>⁶ria</strong></span> <span class='ocrx_word' id='word_1_208' title='bbox 169 3069 226 3108; x_wconf 88' lang='lat' dir='ltr'><strong>sua</strong></span> <span class='ocrx_word' id='word_1_209' title='bbox 246 3046 534 3108; x_wconf 86' lang='lat' dir='ltr'><strong>communicarunt</strong></span> <span class='ocrx_word' id='word_1_210' title='bbox 555 3043 621 3104; x_wconf 85' lang='lat' dir='ltr'><strong>illi:</strong></span> <span class='ocrx_word' id='word_1_211' title='bbox 650 3037 728 3108; x_wconf 84' lang='lat' dir='ltr'><strong>eum</strong></span> <span class='ocrx_word' id='word_1_212' title='bbox 747 3063 882 3128; x_wconf 83' lang='lat' dir='ltr'><strong>quoque</strong></span> <span class='ocrx_word' id='word_1_213' title='bbox 904 3044 1059 3110; x_wconf 82' lang='lat' dir='ltr'><strong>familiae</strong></span> 
     </span>
     <span class='ocr_line' id='line_1_31' title="bbox 99 3136 948 3228; baseline -0.004 -20"><span class='ocrx_word' id='word_1_214' title='bbox 99 3144 157 3208; x_wconf 87' lang='lat' dir='ltr'><strong>isti</strong></span> <span class='ocrx_word' id='word_1_215' title='bbox 173 3142 367 3210; x_wconf 82' lang='lat' dir='ltr'><strong>sacerdotali</strong></span> <span class='ocrx_word' id='word_1_216' title='bbox 387 3136 671 3222; x_wconf 75' lang='lat' dir='ltr'><strong>adnumerandum</strong></span> <span class='ocrx_word' id='word_1_217' title='bbox 694 3165 763 3206; x_wconf 86' lang='lat' dir='ltr'><strong>esse</strong></span> <span class='ocrx_word' id='word_1_218' title='bbox 785 3140 948 3228; x_wconf 87' lang='lat' dir='ltr'><strong>sequitur</strong></span> 
     </span>
     <span class='ocr_line' id='line_1_32' title="bbox 160 3239 1060 3326; baseline -0.001 -18"><span class='ocrx_word' id='word_1_219' title='bbox 160 3245 220 3308; x_wconf 85' lang='lat' dir='ltr'><strong>Illa</strong></span> <span class='ocrx_word' id='word_1_220' title='bbox 237 3245 348 3308; x_wconf 82' lang='lat' dir='ltr'><strong>autem</strong></span> <span class='ocrx_word' id='word_1_221' title='bbox 367 3245 492 3321; x_wconf 81' lang='lat' dir='ltr'><strong>aetate,</strong></span> <span class='ocrx_word' id='word_1_222' title='bbox 523 3243 580 3304; x_wconf 90' lang='lat' dir='ltr'><strong>cui</strong></span> <span class='ocrx_word' id='word_1_223' title='bbox 600 3239 792 3326; x_wconf 86' lang='lat' dir='ltr'><strong>Epicharmi</strong></span> <span class='ocrx_word' id='word_1_224' title='bbox 822 3241 977 3304; x_wconf 82' lang='lat' dir='ltr'><strong>natales</strong></span> <span class='ocrx_word' id='word_1_225' title='bbox 958 3245 1060 3308; x_wconf 89' lang='lat' dir='ltr'><strong>mci-</strong></span> 
     </span>
     <span class='ocr_line' id='line_1_33' title="bbox 83 3325 1059 3424; baseline -0.001 -16"><span class='ocrx_word' id='word_1_226' title='bbox 83 3325 231 3422; x_wconf 42' lang='lat' dir='ltr'><strong>*dunts</strong></span> <span class='ocrx_word' id='word_1_227' title='bbox 222 3365 242 3403; x_wconf 91' lang='grc' dir='ltr'><strong>ι.</strong></span> <span class='ocrx_word' id='word_1_228' title='bbox 255 3364 288 3405; x_wconf 87' lang='lat' dir='ltr'><strong>e..</strong></span> <span class='ocrx_word' id='word_1_229' title='bbox 306 3329 444 3424; x_wconf 79' lang='lat' dir='ltr'><strong>aliquot</strong></span> <span class='ocrx_word' id='word_1_230' title='bbox 453 3341 548 3404; x_wconf 87' lang='lat' dir='ltr'><strong>annis</strong></span> <span class='ocrx_word' id='word_1_231' title='bbox 569 3349 644 3402; x_wconf 86' lang='lat' dir='ltr'><strong>ante</strong></span> <span class='ocrx_word' id='word_1_232' title='bbox 665 3340 829 3402; x_wconf 85' lang='lat' dir='ltr'><strong>bellorum</strong></span> <span class='ocrx_word' id='word_1_233' title='bbox 838 3341 1059 3407; x_wconf 88' lang='lat' dir='ltr'><strong>Persicorum</strong></span> 
     </span>
     <span class='ocr_line' id='line_1_34' title="bbox 101 3438 1058 3526; baseline 0.003 -22"><span class='ocrx_word' id='word_1_234' title='bbox 101 3444 194 3506; x_wconf 89' lang='lat' dir='ltr'><strong>initia</strong></span> <span class='ocrx_word' id='word_1_235' title='bbox 214 3441 424 3526; x_wconf 82' lang='lat' dir='ltr'><strong>Asclepiadae</strong></span> <span class='ocrx_word' id='word_1_236' title='bbox 446 3439 573 3504; x_wconf 88' lang='lat' dir='ltr'><strong>ordinis</strong></span> <span class='ocrx_word' id='word_1_237' title='bbox 594 3438 644 3502; x_wconf 89' lang='lat' dir='ltr'><strong>sui</strong></span> <span class='ocrx_word' id='word_1_238' title='bbox 665 3439 809 3505; x_wconf 86' lang='lat' dir='ltr'><strong>rationes</strong></span> <span class='ocrx_word' id='word_1_239' title='bbox 831 3440 876 3504; x_wconf 88' lang='lat' dir='ltr'><strong>ita</strong></span> <span class='ocrx_word' id='word_1_240' title='bbox 898 3441 1058 3507; x_wconf 81' lang='lat' dir='ltr'><strong>immuta-</strong></span> 
     </span>
    </p>
   </div>
   <div class='ocr_carea' id='block_1_3' title="bbox 0 0 1110 3798">
    <p class='ocr_par' dir='ltr' id='par_1_3' title="bbox 0 0 1110 3798">
     <span class='ocr_line' id='line_1_35' title="bbox 0 0 1110 3798; baseline 0 0"><span class='ocrx_word' id='word_1_241' title='bbox 0 0 1110 3798; x_wconf 95' lang='lat' dir='ltr'><strong> </strong></span> 
     </span>
    </p>
   </div>
  </div>
 </body>
</html>
