2210 3798
44 289 203 372 perediae
236 290 432 372 scriptorum
462 293 502 355 ah
534 289 710 370 Athenaeo,
734 291 829 351 allata
867 289 998 352 docent.
1045 357 1048 362 ¹

46 389 96 458 uf.
114 389 303 464 ,cassanen
324 389 370 450 do
386 410 475 472 poes.
499 407 556 456 sat.
578 412 610 472 p,
626 410 702 471 207.¹
735 390 898 452 Seditioet
919 412 1000 452 con·
1025 442 1026 450 ,

46 477 243 575 cedamus,
254 488 426 560 comoedia
455 487 563 571 aliqua
592 480 786 572 Epicharmi
801 489 999 574 Aeschyleae
1088 477 1103 534 ἶ

47 589 234 671 tragoediae
258 588 462 670 cognominis
483 588 653 661 parodiam
676 589 857 650 contineri:
891 590 1000 648 incer·

47 695 117 746 tum
133 697 240 767 tamen
259 685 386 764 manet,
410 669 583 768 quamnam
594 686 780 769 Epicharmi
798 687 1000 749 comoediam

14 845 16 848 .
46 755 234 847 Athenaeus
264 786 283 845 l.
307 785 326 844 l
357 785 596 873 significaverit.
641 787 747 863 Quem
777 785 972 858 hariolari
965 807 999 844 ιιι
1074 852 1077 860 Ἰ

46 881 97 948 his
110 884 347 957 arthasium,
371 884 396 944 is
414 905 432 948 e
452 883 616 966 pauculis,
640 905 724 966 qaae
747 885 924 947 etiamnum
947 900 1015 944 su-‘

46 991 204 1064 pensant,
233 983 420 1064 Epicharmi
440 983 596 1065 reliquiis
618 983 834 1044 Philoctetam
863 983 998 1046 maxime

48 1082 197 1164 arripiat.
248 1083 332 1142 Eum
365 1081 449 1142 enim
478 1090 523 1142 et
553 1071 734 1144 vulnerum'
764 1081 934 1144 doloribus
967 1091 1001 1150 et

47 1181 145 1242 exilii
157 1179 281 1246 taedio
290 1163 522 1244 lamentantem
544 1180 654 1242 lacere
676 1173 843 1264 tragoedia
864 1203 921 1241 sua
942 1180 1000 1240 dc·
1004 1229 1008 1240 .

46 1279 148 1350 hebat
158 1277 351 1362 Aeschylus
375 1301 490 1340 verum
508 1277 618 1340 idem
610 1301 641 1341 ιιι
656 1279 826 1340 comoedia
834 1279 942 1360 Epieh
946 1301 1000 1339 ιιι

47 1399 120 1445 mea
145 1379 268 1460 nebula
292 1389 356 1454 est,
388 1381 442 1460 qui
465 1379 602 1438 vorandi
633 1345 822 1471 ethihisnili
845 1379 999 1476 cupidine

45 1479 261 1542 vehementer
280 1478 414 1540 laborat
459 1480 654 1560 Quanquam
675 1479 847 1541 multuma
869 1501 919 1540 me
943 1481 1016 1566 uh·¹

46 1580 104 1655 sit,
134 1585 172 1638 ut
193 1578 225 1636 in
246 1597 286 1637 re
308 1585 374 1636 tam
402 1577 528 1640 incerta
557 1585 685 1638 eertum
715 1577 893 1693 quidquam
915 1577 1000 1640 affir-
1045 1585 1046 1590 ’

47 1697 148 1740 mare
160 1655 311 1738 audeam.
374 1729 376 1739 .

7 1843 11 1856 ,
108 1778 175 1838 Sed
198 1799 354 1860 quorsum
375 1775 456 1844 haee
479 1779 588 1848 omnia
611 1775 650 1840 de
665 1767 782 1840 Siculis
806 1786 838 1840 et
853 1775 1003 1846 Hierone

45 1887 79 1938 et
101 1868 267 1965 Aeschylo
285 1877 419 1958 aliisque
438 1878 538 1948 rebus
563 1865 820 1981 disputaviit
776 1877 820 1940 Ut
828 1923 837 1953 ,
862 1877 918 1958 qui
938 1899 998 1946 ¹eo-

42 1998 119 2038 rarn
151 1975 266 2036 Siculis
296 1983 365 2034 tum
394 1977 552 2065 temporis
585 1996 665 2057 prae
698 1955 837 2057 reliquis
865 1975 999 2047 Graccis

44 2075 167 2157 eximio
197 2075 286 2136 cultu
317 2059 497 2150 nobilitatis
527 2085 559 2134 et
586 2073 717 2160 regibus
739 2075 998 2159 magnificentiae
1102 2147 1103 2150 Ἴ

43 2151 288 2244 studiosissimis
311 2173 435 2234 fabulas
458 2173 616 2250 ediderit,
649 2175 770 2257 quique
800 2175 999 2258 tragicorum

42 2283 224 2368 poetarum
245 2266 445 2369 principem,
464 2261 684 2358 Aeschylum,
718 2271 760 2334 oh
783 2275 861 2336 vitia
883 2295 999 2366 repre-

42 2372 197 2438 bendere
227 2373 269 2434 sit
296 2393 426 2450 ausus,
441 2394 513 2460 eum
535 2372 569 2432 in
591 2381 661 2434 arte
683 2394 739 2436 saa
763 2393 827 2434 non
850 2374 997 2457 exiguam

43 2471 281 2560 praestantiam
297 2479 484 2545 assecutum
489 2439 586 2544 luisse
597 2463 875 2540 demonstrarem.
890 2475 997 2555 Atque

42 2561 227 2648 rectissime
242 2569 526 2639 ratiocinationem
543 2590 647 2633 meam
657 2591 708 2632 me
724 2571 920 2647 confecisse,
941 2592 998 2634 ve-

42 2664 999 2752 terum'auetorumdecomoediaeEpicharmeaepraestan·
1063 2699 1070 2726 »ι

42 2770 90 2830 tia
112 2748 429 2850 testimoniis,·quae
453 2789 552 2850 supra
573 2767 686 2845 attuli,
717 2769 848 2831 omnino
873 2769 997 2832 confir·
1037 2841 1040 2846 ¹

41 2876 166 2948 matur.
196 2869 261 2928 Iam
272 2889 350 2928 vero
365 2866 491 2945 aceedit
500 2867 698 2950 grammatici
713 2867 887 2951 anonymi,
905 2869 996 2962 cuins

41 2967 179 3043 libellus
201 2975 285 3042 extat
305 2965 393 3049 apud
413 2966 579 3062 aristoph.
601 2968 741 3038 Kuster,
756 2989 786 3050 p.
798 2969 884 3046 Xll.,
908 2968 996 3033 iudi·-

42 3067 137 3131 cium
159 3063 199 3126 de
220 3065 418 3148 Epicharmo
442 3065 515 3124 satis
533 3065 760 3144 memorabile.
800 3067 826 3128 ls
845 3067 935 3129 enim
949 3069 993 3128 ia
1072 3053 1073 3058 ἵ

41 3167 235 3248 universum
269 3163 310 3244 de
337 3163 641 3258 emmdationihus,
676 3185 753 3246 quas
778 3165 993 3288 Epicharmus

40 3265 180 3348 priscae
182 3250 395 3344 comoediae
427 3263 617 3342 addiderat,
647 3263 691 3324 ita
701 3263 805 3336 dixit:
851 3252 998 3348 Ουτιιςο

44 3361 248 3446 Ἐπίχαρμος
286 3363 410 3482 πρῶτος
449 3360 528 3445 τῆν
550 3361 744 3448 κωμιιιδιιιν
767 3347 993 3448 ὃιιρῥιμμῦιην

41 3456 240 3561 ἆνικιὴσαιο
268 3459 378 3540 πολλοὶ
386 3457 729 3558 ιιροςφιλοιεχιὴσας
726 3463 786 3545 τῆ
810 3462 844 3526 δὲ
863 3460 991 3548 ποιήσει

729 3569 808 3640 13
