2210 3798
98 296 165 362 tum
186 288 306 380 hethas
328 297 399 363 illas
422 297 570 360 docuisse
592 305 731 360 testetur
751 282 933 362 scholiasta.
966 303 1062 383 Quid

25 399 26 402 ’
97 400 200 483 igitur
219 401 268 460 rei
290 408 338 461 est
360 398 630 477 convenientius,
661 419 759 482 quam
781 399 822 462 de
843 399 964 462 fabulis
989 405 1061 465 istis

49 553 64 574 .,
97 499 187 614 apud
198 497 418 582 Syracusanos
441 497 534 560 editis
557 499 601 559 ita
623 507 783 575 statuere,
805 508 842 559 ut
854 499 1063 586 Aeschylum

97 599 226 676 omnia,
260 620 342 682 quae
363 607 514 702 poterat,
538 607 730 660 ornamenta
752 621 978 682 summumque
1003 625 1063 663 ar-

82 709 164 784 tem
185 701 226 761 ad
248 685 398 760 scaenam
420 699 630 800 etmachinas'
654 709 687 760 et
705 700 884 762 histriones
895 702 1062 788 aliasque

52 849 57 862 ι
83 805 149 863 xres
182 798 364 861 adhibuisse
395 789 558 861 dieamus.
592 801 690 878 Quod
722 801 856 882 quidem
887 823 926 863 ee
948 807 1059 888 magis

97 910 145 962 est
167 881 450 1000 concedendum,
456 921 558 1012 quum
572 900 677 980 ipsum
692 921 748 984 reg
750 915 807 960 ern
808 901 939 984 ,quem
957 908 1061 986 sp'ec-

97 1001 205 1062 tacula
232 1006 379 1067 scaenica
401 1000 542 1064 maxime
573 997 733 1060 adamasse
745 1005 802 1060 ex‘
821 1001 1060 1066 Eratosthenis

95 1099 284 1160 testimonio
314 1099 423 1174 effeci,
453 1093 596 1158 subsidia
626 1119 681 1158 sua
703 1097 877 1182 Aeschylo¹
895 1104 1061 1184 suppedi.

96 1207 167 1258 tere
180 1219 247 1258 non
255 1197 443 1275 dubitaret,
467 1191 564 1290 atquc
578 1197 618 1256 ab
634 1195 879 1290 Atheniensium
899 1199 1059 1285 cheragis

17 1370 21 1380 x
97 1294 194 1380 rebus
217 1299 376 1360 eiusmodi
408 1319 441 1358 se
463 1297 612 1388 superari
636 1319 843 1380 nequaquam
853 1309 1057 1382 pateretur.

97 1402 162 1462 Iam
193 1411 273 1462 vero
306 1407 418 1459 utrum
446 1421 521 1460 cum
553 1399 679 1478 Hirtio,
713 1399 770 1482 qui
799 1400 833 1460 in
865 1401 955 1465 libre
989 1424 1055 1465 suo

98 1497 470 1574 Gesch·.-d.'Bauhunst,
493 1493 571 1558 tem.
595 1500 632 1565 ll.
655 1497 759 1581 pree.
789 1497 858 1559 tur'u
889 1505 1059 1584 temporis

10 1657 14 1668 ,
97 1599 206 1681 lignea
227 1597 353 1658 theatra
365 1595 479 1656 Siculis
492 1599 568 1656 sutis
591 1597 686 1657 fuisse
704 1598 847 1676 cenauit,
871 1597 912 1660 sit
924 1600 1058 1663 facien-

18 1762 20 1766 ,
95 1697 193 1774 dum,
216 1697 428 1757 vehementer
449 1694 604 1776 equidem
626 1693 751 1756 dubito.
794 1697 862 1758 Imo
885 1718 967 1764 vere
984 1722 1054 1782 pru

96 1797 182 1858 miro
205 1815 262 1855 suo
283 1794 411 1863 artium·
425 1793 572 1854 omnium
594 1808 705 1884 umore
716 1795 819 1856 Hiero
838 1795 879 1856 ad
900 1797 1056 1881 amplum

96 1893 229 1978 aliquod
266 1903 299 1952 et
329 1887 494 1974 lapideum
524 1891 691 1954 theatrum
724 1893 935 1956 condendum
972 1919 1055 1961 mox

97 1993 239 2056 accessit.
264 1995 458 2072 Quanquam
478 1990 617 2050 multum
637 1992 742 2069 abest,
758 2001 809 2068 ut,
827 1993 918 2054 cuius
931 1994 1055 2056 etium-

99 2117 178 2155 num
198 2091 377 2173 idlleapoli
397 2081 472 2152 vico
493 2089 650 2174 reliquias
672 2092 889 2174 amplissimas·
904 2102 937 2155 et
956 2109 1054 2180 mag·-

97 2195 208 2282 nificps
231 2193 448 2268 admiramur,
471 2191 633 2252 theatrum
654 2189 743 2255 idem
764 2213 838 2254 cum
865 2193 923 2254 illo
945 2195 1052 2258 fuisse

7 2276 14 2324 .'
95 2291 306 2375 statuam-‚ld
322 2291 409 2352 enim
431 2289 470 2351 ad
485 2288 636 2370 Hieronis
652 2293 688 2350 ll.
707 2299 856 2374 tempora
872 2294 1053 2374 pertinere

1 2391 2 2396 ’
95 2413 203 2474 nuper
225 2390 460 2465 demonstravit
482 2388 662 2450 Osannus
653 2410 686 2449 ιιι
715 2411 826 2474 progr
837 2386 911 2451 de
931 2393 1053 2478 regina

93 2491 276 2581 Philistide.
300 2489 347 2550 ef.
371 2489 543 2573 Stoffllberg
566 2489 686 2551 Reisen
708 2487 822 2552 durch
852 2491 909 2554 11.
919 2513 951 2552 ιι.
981 2493 1053 2559 Sic.

93 2572 172 2652 tom
195 2579 247 2652 IV.
270 2609 384 2672 paup
407 2587 552 2670 Cephall.
569 2589 605 2648 R
628 2597 707 2651 tom
729 2589 765 2649 11.
787 2609 858 2702 7).7.
880 2589 1053 2654 Nimirum

79 2691 129 2768 ‘iu
161 2689 257 2750 alie
254 2688 364 2772 quavis
397 2689 524 2749 urbis
515 2709 690 2750 immensae
727 2683 865 2772 regione
884 2689 1053 2773 priscum

92 2789 181 2853 istud
201 2788 367 2850 theatrum
389 2796 574 2870 extructum
596 2808 664 2848 esse
685 2795 826 2871 poterat
931 2801 934 2810 ’

98 2939 102 2944 .
154 2891 244 2968 Quae
275 2908 350 2950 cum
377 2889 529 2965 ite'sint,
561 2907 628 2950 nen
660 2887 796 2950 omnine
826 2887 1052 2972 improbanda

90 2988 222 3056 uidetur
253 2986 388 3048 illerum
424 2987 607 3063 sententia,
648 2985 706 3070 qui
736 2986 973 3069 Epicharmum
1005 2991 1051 3051 ud

90 3085 243 3170 Aeschyli
272 3080 500 3166 exemplum
491 3105 526 3146 ιιι
558 3085 657 3146 rebus
689 3083 847 3148 scaenicis
882 3086 1051 3156 nonnulla

54 3229 56 3232 -
91 3183 295 3261 emendasse,
318 3183 479 3245 nonnulla
496 3157 707 3266 amplificasse
727 3185 920 3268 opinantur:
946 3185 1051 3247 Eius-

90 3283 179 3346 medi
200 3289 309 3344 autem
329 3281 564 3344 commercium
586 3290 712 3380 poetas
728 3282 801 3344 illos
822 3284 1051 3346 intercessisse

93 3382 149 3464 qni
167 3383 361 3464 argumento
385 3380 520 3442 edoceri
541 3379 648 3462 cupit:
682 3380 714 3442 ei
742 3401 809 3442 uon
831 3401 913 3464 opus
936 3390 1054 3442 estut

92 3479 214 3558 dicum,
235 3477 470 3564 Epicharmium
491 3500 567 3542 eum
584 3477 746 3566 Aeschylo
767 3500 834 3554 une
857 3477 1053 3566 eodemque
