2210 3792
464 101 607 252 999
689 97 693 112 “

62 257 286 360 concedamus.
329 294 394 356 Sed
414 292 495 377 quid
515 291 649 371 tandem
678 289 712 351 id
742 308 809 353 esse
841 286 1007 362 dicamus,

26 342 32 458 l
63 394 183 480 quod
175 417 208 455 sn
231 401 497 479 argumentorum
515 389 703 452 diversitate
726 372 744 448 a
766 385 884 448 Siculis
904 371 1012 466 poetls

60 493 280 556 Athenienses
295 491 546 574 repetiverunt?
568 488 635 554 Id
627 509 731 572 ipsum
746 486 817 546 satis
830 481 1011 546 declarasse
1044 527 1047 536 ,

60 591 142 652 mihi
162 590 291 652 videtur
300 587 544 658 Aristotelesl
568 587 589 650 l
630 586 741 653 Verba
763 574 850 645 enim
870 597 1010 664 praeoe-
1030 589 1036 596 '

61 688 174 750 dentia
193 689 250 751 τοῦ
271 687 330 768 μὲν
348 683 478 768 μύθους
490 692 591 750 ποιεῖν
601 683 793 766 Επίχαρμος
809 704 864 744 και
860 673 1012 761 Φόρμος

60 779 179 872 ηρξαν,
199 787 340 852 dubitari
362 809 429 850 non
451 787 583 864 sinunt,
615 784 695 868 quin
725 784 794 867 ipsa
815 781 871 842 illa
891 773 1012 859 μ’ὖθων

58 885 217 970 ποίησις,
243 887 372 976 egregia
403 884 517 968 utique
549 881 741 947 comoediae
770 877 957 946 emendatio
989 897 1011 938 a
1037 932 1040 939 .

58 985 176 1048 Siculis
197 983 472 1047 adhthenienses
495 983 595 1046 fuerit
615 979 781 1045 tnanslata¹
823 980 914 1057 Quae
928 995 1010 1058 qna-

60 1107 137 1147 nam
160 1087 255 1147 inre
275 1085 381 1166 posita
401 1083 514 1162 fuerit,
536 1083 573 1148 id
592 1103 731 1166 snprap.
745 1101 792 1164 7¹·
804 1093 894 1164 seqq.
909 1075 1012 1159 ipsios

58 1183 244 1250 Aristotelis
273 1183 381 1246 verbis
413 1192 453 1246 :et
483 1181 640 1266 appositis
674 1176 852 1261 exemplis.
872 1174 1010 1238 omnino
1030 1165 1050 1214 Ὗ

58 1282 230 1347 edocuisse
258 1281 343 1346 mihi
371 1281 494 1344 videor.
518 1281 565 1342 Cl.
588 1280 765 1344 Hermann.
786 1276 829 1340 ad
851 1277 871 1338 l.
893 1276 914 1336 l.
946 1274 1010 1338 Ca-

56 1383 196 1458 canton.
220 1380 261 1442 de
282 1381 384 1463 poesi.
406 1389 462 1441 sat.
483 1400 553 1463 p.1
589 1401 621 1462 p.
641 1378 686 1440 16.
727 1378 811 1451 Eum
831 1375 950 1460 igitur,
973 1381 1013 1436 nt

57 1479 253 1563 sententiam
284 1478 325 1540 de
354 1477 416 1539 hac
437 1497 474 1540 re
495 1497 594 1560 supra
614 1476 776 1560 prolatam
797 1473 908 1538 denno
929 1492 1012 1558 pro-

56 1580 180 1656 feram,
202 1572 332 1656 μύθους
352 1581 462 1639 ποιεῖν.
484 1575 504 1638 i.
515 1596 542 1637 e.
554 1576 650 1638 instas
663 1574 786 1638 fabulas
806 1593 1011 1657 componere

56 1677 214 1756 dicimus,
237 1677 294 1762 qni
314 1675 495 1738 notionibus
517 1675 742 1758 compluribus
763 1683 838 1758 apte
860 1675 950 1736 inter
970 1693 1008 1736 se

55 1775 299 1860 coniungendis
307 1784 415 1838 tantae
427 1775 659 1865 magnitudinis
677 1775 821 1840 fabulam
839 1773 952 1851 efficit,
972 1781 1022 1836 ut

55 1876 189 1938 initium
218 1875 308 1953 eins,
338 1875 616 1962 implicationem,
647 1875 847 1942 solutionem
867 1874 1006 1938 omnino
1070 1861 1078 1874 ’

53 1973 302 2060 perspiciamus.

117 2074 181 2136 Res
202 2074 312 2158 igitur
338 2073 384 2136 ite
410 2094 444 2138 se
474 2074 582 2138 hahet.
624 2073 690 2152 Qui
718 2081 794 2154 ante
815 2073 1008 2157 Epicharmi

52 2169 207 2255 tempora
227 2171 412 2234 comoedias
443 2171 532 2254 apud
559 2171 773 2234 Athenienses
803 2170 1008 2236 docuerunt.

57 2271 120 2335 hos
142 2291 256 2333 omnes
277 2270 319 2334 ad
340 2272 486 2355 exempla
495 2271 733 2358 Megarensium
745 2269 871 2334 ludicra
881 2272 1009 2342 minuta

56 2378 155 2454 atque
186 2371 334 2454 impolita
363 2369 573 2454 proposuisse
605 2377 733 2431 certum
764 2377 821 2434 cst.
872 2370 938 2436 Sed
969 2391 1009 2434 ox

55 2491 124 2553 qno
154 2479 303 2554 tempore
334 2463 396 2554 per
414 2469 647 2553 Epicharmnm
678 2470 866 2534 comoediae
895 2493 1007 2536 emen-

54 2569 146 2634 datio
175 2570 260 2631 facla
291 2577 357 2632 est.
400 2569 523 2630 fabulas
552 2590 622 2632 suae
655 2566 703 2634 illi
737 2571 779 2632 et
806 2572 1004 2655 amplificare
1085 2587 1087 2654 J

54 2679 89 2733 et
109 2657 312 2745 artificiosius
334 2669 535 2732 concinnare
557 2668 764 2752 inceperunt.
809 2673 1004 2758 Quanquam
1085 2671 1086 2676 ¹

50 2769 87 2832 id
104 2769 152 2832 ita
174 2752 340 2845 iecerunt,
364 2777 400 2830 ut
419 2771 476 2852 τῆν
498 2768 656 2853 ἰαμβικῆν
674 2769 806 2834 ἰδέανὶ.
829 2791 858 2834 e
887 2773 935 2834 sin
939 2795 1000 2858 g·n
1081 2767 1085 2844 J

53 2868 162 2928 lorum
199 2867 371 2928 hominum
407 2869 650 2933 cavillationem
688 2880 899 2938 asservarent.
952 2873 1002 2936 cf.
1077 2861 1083 2882 ⁷

55 2970 186 3031 Aristot.
209 2970 229 3030 1.
252 2970 272 3029 Ι.
314 2971 385 3032 At
376 2993 408 3032 ιιι
431 2993 468 3034 ea
491 2995 527 3034 re
558 2979 625 3036 n'on
652 2973 876 3039 substiterunt.
925 2979 1003 3040 Mox
1073 2989 1082 3054 ‚t

53 3067 140 3127 enim
161 3077 194 3129 et
215 3068 256 3130 ad
287 3067 401 3130 eadem
433 3081 641 3155 argumenta,
674 3094 757 3155 quae
784 3072 914 3138 Siculae
945 3096 1003 3140 co-

52 3166 200 3228 moediae
213 3176 322 3247 erant,
345 3171 575 3256 pertractanda
588 3173 739 3238 nonhulh
749 3173 999 3239 Atheniensium
1071 3228 1076 3243 ,

50 3273 227 3347 poetarum
243 3279 460 3335 accesserunt
504 3272 686 3350 Quorum
674 3291 777 3337 unum
808 3275 1001 3338 nominatim
1077 3331 1078 3336 ,

51 3367 253 3451 consignavit
273 3369 461 3433 Aristoteles
477 3367 497 3430 l.
510 3370 530 3430 l.
575 3371 622 3432 lbi
638 3371 746 3450 xenim,
770 3376 999 3456 qunm'iustam
1070 3337 1078 3448 l.

52 3457 500 3550 lahnlaepertractationem
537 3468 577 3532 ab
605 3467 813 3560 Epicharmo,
830 3473 1000 3542 inventam
1060 3449 1077 3584 l
