2210 3792
559 89 630 162 30⁰

74 271 162 338 ait
182 275 458 362 poeta,piurimos
480 280 667 342 comoediae
690 277 865 364 scriptores
882 279 1091 382 tabularum

64 433 70 443 ,
112 396 246 438 suarum
268 398 455 454 aesomnes
476 380 610 442 Athenis
633 403 700 444 esse
723 391 807 444 actas
828 383 980 468 gloriari.
996 386 1057 446 Hos
1088 345 1091 433 i

109 475 210 560 igitur
242 477 434 540 atticissare.
476 501 509 542 se
541 489 657 542 contra
688 501 776 544 nunc
807 484 960 566 quidem,
988 507 1057 544 cum

107 567 247 636 historia
267 573 486 638 Menaechmis
507 579 616 644 tabula
643 582 875 663 pertractanda
896 579 1055 666 Syracusis
1091 620 1093 633 ·

108 675 242 737 initium
264 677 409 758 ceperit,
430 686 527 760 atque
550 682 683 742 maxime
705 681 747 743 ad
768 682 1093 766 Syracusanosho-
1089 636 1094 739 i

107 775 212 846 mines
233 775 419 856 pertineat,
443 777 652 840 sicih'ssitare

170 873 280 936 Sed
256 895 327 936 stne
350 875 416 936 uilo
439 875 643 939 dubitatione
665 877 912 962 provocandum
941 885 990 939 est
1016 879 1054 940 sd

105 973 296 1052 Horatium,
316 994 372 1058 qua
365 976 531 1038 'Plautum
542 977 752 1059 Epicharmi
744 978 943 1040 imitatorem
952 979 1053 1055 fuisse,

106 1075 227 1136 diserte
249 1073 323 1136 satis
346 1073 505 1136 indicavit
526 1077 618 1158 epist
641 1077 690 1142 11.
704 1098 728 1138 ι
750 1075 799 1138 58.
822 1098 911 1160 seqq.
1089 1106 1092 1159 1

144 1169 272 1234 Dicitur
291 1172 412 1254 Afrani
431 1187 509 1256 toga
529 1177 701 1236 convenisse
722 1171 920 1247 Menandro,
1089 1168 1092 1197 ¹

143 1274 280 1336 Plautus
301 1273 348 1334 ad
366 1275 539 1365 exemplum
561 1274 657 1336 διἐιιῖί
672 1293 844 1360 properqre
867 1267 1053 1358 Epicharmi,

113 1449 116 1455 Ι
148 1371 280 1448 Vincere
303 1371 646 1453 Caeciliusgraeitate,
673 1373 832 1434 Terentius
852 1387 932 1434 arte.
955 1451 958 1458 ¹

20 1497 21 1504 ¹
101 1475 214 1556 Neque
237 1472 356 1556 quain
380 1493 416 1534 re
435 1471 640 1554 potissimum
661 1471 847 1554 Epicharmi
869 1472 1054 1555 exemptum

99 1572 233 1634 Plautus
257 1571 358 1632 fuerit
378 1579 578 1653 sequutus,
577 1589 604 1631 e
633 1573 733 1632 totius
762 1569 946 1632 sententiae
970 1591 1054 1632 nexu

102 1669 283 1734 diiudicare
306 1691 373 1734 non
397 1670 483 1730 iicet
505 1671 636 1770 Etenim
648 1671 775 1732 Horatii
787 1665 939 1752 aequales
951 1693 1055 1754 quum

103 1779 208 1850 artem
233 1768 419 1830 Terentii
386 1768 589 1852 insignem,
609 1747 855 1854 elegantiam'
846 1790 879 1830 ιιι
912 1771 1053 1834 Afranio

99 1872 198 1957 plane
220 1841 511 1947 Menandream,
503 1888 537 1930 ιιι
560 1869 702 1932 Caecilio
732 1865 927 1954 gravitatem
946 1891 1056 1975 quan..-

102 1973 176 2034 dam
196 1965 445 2056 praedicarent:
469 1970 530 2030 et
522 1992 554 2028 m
576 1968 690 2034 Plauto
713 1968 932 2052 proprietates
955 1969 1054 2052 quas-

100 2071 176 2134 dam
196 2071 236 2132 ab
260 2069 323 2132 iltis·
344 2066 477 2152 quidem
502 2067 649 2128 muitum
666 2065 826 2146 diversas,
854 2067 911 2130 sed
941 2076 1052 2130 tamen

82 2165 274 2244 ,laudandas
305 2165 609 2249 deprehenderant·
654 2169 932 2250 Argumentornm
960 2188 1053 2229 emm

97 2271 188 2336 iliam
218 2269 291 2332 dico
322 2265 526 2329 iocositatem
556 2275 653 2350 atque
686 2265 719 2326 in
748 2266 831 2327 iocrs'
859 2267 1051 2349 spargende

963 2169 1034 2382 .':

94 2371 316 2457 petulantium
346 2389 450 2452 paene
483 2367 653 2445 rusticam,
697 2366 814 2452 quibus
848 2375 881 2428 et
910 2367 951 2428 ab
987 2368 1052 2430 iliis
1093 2423 1094 2450 ἦ

95 2474 233 2536 multum
246 2469 380 2532 differre
394 2477 427 2530 et
441 2463 481 2530 ad
490 2464 721 2550 Epicharmum
735 2464 871 2530 maxime
886 2465 1051 2530 accedere

12 2607 16 2620 ν
92 2573 178 2636 visus
209 2579 264 2634 est.
309 2573 480 2648 Quaenam
505 2575 615 2628 autem
642 2565 866 2630 sint.fabulae
895 2567 979 2631 istae
1009 2603 1052 2617 -

92 2696 167 2735 nam
189 2671 222 2732 in
246 2667 440 2756 quibusdam
461 2687 495 2728 se
518 2665 596 2728 aiios
624 2687 692 2728 esse
710 2674 898 2748 ‚sequutum
930 2675 1050 2749 poetas

67 2759 70 2766 s
92 2771 162 2859 ipse
184 2770 314 2832 Plautus
335 2768 513 2852 profitetur
528 2797 570 2816 -
586 2784 747 2847 quaenam
767 2763 867 2848 igitur
882 2763 1048 2842 sintiilae,

91 2871 125 2932 in
150 2868 266 2953 quihus
288 2887 321 2927 se
343 2865 384 2927 ad
407 2863 592 2953 exemptum
619 2862 809 2945 Epicharmi
837 2861 1049 2954 potissimum

92 2965 417 3041 accommodaverit,
437 2983 525 3024 nunc
548 2961 683 3045 quidem
706 2961 889 3024 diiudicata
909 2969 959 3022 est
983 2961 1047 3022 dif-

92 3066 283 3130 ficiiiimum
323 3065 435 3148 Neque
468 3062 556 3124 enim
583 3059 634 3122 ad
646 3055 927 3142 comparationem
949 3060 1046 3120 insti-

89 3167 247 3232 tuendam
278 3164 352 3225 satis
390 3170 540 3244 superest
578 3161 795 3243 reliquiarum
825 3158 1045 3242 Epicharmi,

91 3286 199 3350 neque
222 3261 283 3346 ipsi
304 3261 392 3322 tituli
415 3261 606 3324 fabularum.
624 3259 794 3342 utriusque
821 3265 940 3340 poetae
963 3279 1048 3318 ecn-

90 3373 220 3452 gruunt.
262 3363 384 3443 Neque
410 3381 490 3422 vero
522 3359 696 3420 titulorum
732 3358 791 3420 ista
821 3357 1049 3440 discrepantia

90 3464 268 3550 prohibet,
299 3459 475 3544 quominus
504 3459 721 3523 imitationem
752 3457 840 3520 iliam
859 3457 1049 3520 i’iaotiuam

64 3736 93 3776 [ι
128 3753 132 3760 .
