2266 3802
444 88 644 199 A*

60 277 134 347 louis
154 287 247 366 s'tqne
270 277 412 345 eundem
433 281 545 364 regem
567 279 629 360 ipsi
651 275 994 348 liberorumru'ornm
1104 321 1105 358 ι

60 383 275 444 educationem
298 379 516 444 demandasse.
560 377 1017 468 Quequuidem'snmmum‘

58 479 185 566 tyranni,
200 485 232 546 in
243 478 455 548 Phormidem
476 481 743 564 benevolentiam
760 481 914 546 effecerat
931 485 997 548 riri

58 584 145 650 liuius
167 597 234 660 non
255 593 383 648 tantum
405 585 534 669 egregia
556 605 608 644 ars
630 592 728 667 atque
751 571 916 663 eruditio,
932 598 997 648 've-
1028 611 1030 616 ·

37 705 124 752 ,rum
150 688 248 749 etiam
268 686 371 748 virtus
386 693 434 748 et
461 669 623 746 fortitudo
645 671 775 750 bellica.
816 683 889 764 Uti,
913 705 999 771 qnae

61 785 189 849 dabelli
212 785 295 848 duce
318 784 513 898 significauit
532 783 725 863 Pausanias,
748 781 903 866 facillime
922 807 1000 872 cum

60 884 168 952 Snidae
188 883 378 968 testimonio
401 883 555 983 coniungi
577 890 710 968 queant.
771 917 775 922 ,
849 885 853 894 ’

112 985 137 1047 Ιι
166 987 308 1070 primam
336 1007 427 1049 snam
457 983 663 1060 comoediam
690 967 857 1068 Syracusis
884 985 999 1049 edidit.
1055 1027 1058 1032 -
1104 979 1105 995 ³

60 1082 163 1148 scidas
196 1086 285 1148 enim
316 1083 357 1171 de
386 1084 586 1168 Epicharmo
616 1105 639 1146 s.
667 1103 697 1145 v
728 1083 849 1147 haecce
880 1087 1000 1150 refert.
1067 1111 1070 1119 ι

29 1215 30 1218 “
58 1173 302 1301 Ἐπίχαρμοςῇ
283 1207 320 1260 ος
340 1171 412 1270 εὗρε
432 1182 496 1277 τῆν
517 1178 701 1270 κωμῳδῶν
714 1181 750 1246 ἐν
772 1181 1002 1267 Συρακούσαις
1104 1241 1105 1250 ,

60 1276 123 1362 ἅμα
155 1281 289 1372 Φόρμῳ.
334 1283 406 1347 Hoc
435 1285 559 1348 factum
597 1291 647 1346 est
680 1285 769 1349 circa
783 1284 855 1346 Ol.
886 1287 1003 1349 LXXI.
1066 1325 1071 1338 ·

28 1451 29 1458 χ
59 1385 130 1446 llam
156 1386 277 1448 eodem
302 1393 454 1471 tempore
474 1384 710 1468 Epicharmnm
737 1386 879 1476 primam
913 1409 1004 1454 suam

59 1479 200 1583 fabulam
224 1469 364 1571 Megaris
396 1484 546 1548 docuisse
574 1483 660 1546 infra
689 1483 812 1570 docere
844 1487 1002 1552 conabor.
1073 1493 1077 1504 ¹

61 1583 126 1662 Qua
154 1570 329 1670 quidem'
321 1603 355 1646 ιιι
378 1604 415 1646 re
444 1581 479 1645 id
500 1581 618 1666 aliquis
648 1583 763 1646 mirari
789 1587 906 1668 possit,
934 1608 1002 1650 uno

60 1684 238 1787 codemque
255 1695 405 1780 tempore
424 1675 504 1747 loeis
518 1671 652 1748 diversis
666 1693 727 1750 eta
743 1682 879 1750 divorsis
891 1697 1006 1776 aucto-
1051 1729 1053 1738 ι

62 1785 145 1847 ribus
165 1807 272 1852 unam
289 1767 502 1868 eandemque
515 1799 606 1863 rem,
637 1784 843 1849 comoediam
864 1805 945 1851 esse
955 1789 1008 1850 in-

62 1895 199 1950 ventam.
241 1883 301 1966 At,
331 1884 421 1970 quod
441 1887 528 1948 bene
551 1895 599 1948 est
621 1885 912 1967 considerandum,
941 1889 1008 1954 hoc

28 1997 29 2000 ’
64 1985 144 2052 inde
166 1991 294 2070 facturn.
321 1997 388 2074 est,
422 1987 510 2072 qnod
538 1987 754 2050 vetustissima
783 1989 838 2051 illa
864 1989 1007 2070 ludicra,

60 2079 173 2168 quibus
197 2084 338 2172 uterque
360 2096 459 2170 poeta
481 2085 521 2154 ad
544 2087 748 2150 comoediam
769 2088 1008 2171 perfectiorem

62 2187 272 2252 excolendam
293 2173 536 2268 impelleretur,
558 2193 628 2247 tum
645 2179 804 2270 temporis
825 2185 859 2250 et
871 2189 1009 2274 Megaris
1072 2249 1073 2256 ,

63 2297 92 2352 et
112 2286 281 2374 Syracu-sis
302 2285 507 2349 efflorescere
530 2286 734 2368 inceperant.

28 2443 30 2452 ,
116 2389 144 2450 E
165 2387 305 2453 ludicris
328 2387 396 2449 istis
417 2383 568 2462 Phormio
591 2383 792 2448 comoediae
816 2407 892 2452 snae
914 2409 1010 2484 argu·
1042 2419 1045 2428 ¹

63 2499 165 2564 menta
185 2487 363 2559 desnmsit;
385 2485 419 2564 id
442 2485 535 2548 enim
558 2506 576 2546 e
596 2485 700 2546 titulis
722 2487 971 2550 comoediarum
992 2512 1012 2553 a
1100 2527 1104 2538 =

62 2587 159 2651 Suida
187 2576 387 2670 enumeratis
414 2573 588 2652 'coniicere
610 2585 697 2647 licet.
722 2589 882 2670 'Namque
896 2582 1012 2668 Phor·

62 2685 322 2769 nuidis-iabulas,
345 2675 425 2748 lic‘et
447 2683 487 2744 ab
510 2704 551 2746 eo
574 2691 610 2768 nt
623 2707 641 2746 n
656 2685 787 2748 comico
807 2686 857 2749 ad'
870 2689 1012 2754 cornices

62 2789 203 2850 rationes
221 2786 423 2848 conformari
439 2774 617 2860 deberent,
641 2805 794 2858 omnese
810 2787 1012 2872 mythologie
1096 2819 1098 2822 ·

59 2908 125 2950 esse
157 2887 316 2970 repetitas
351 2905 448 2946 nemo
480 2893 546 2946 non
577 2885 738 2970 inteiligit.
781 2885 870 2948 Idem
903 2897 1013 2964 autem

61 2995 307 3072 argumentum,
331 2984 446 3046 eadem
467 2983 595 3044 fabulae
615 2985 835 3046 conformatio
859 2995 929 3047 erat
946 2979 1014 3048 his·
1073 3051 1077 3062 ,

61 3088 210 3148 trionum
231 3087 385 3168 illorum,
409 3083 466 3166 q-ui
479 3085 586 3166 prisca
609 3085 664 3144 illa
677 3083 864 3146 Siculorum
880 3061 1032 3150 ludicra·

62 3184 215 3247 edebant.
257 3185 334 3246 Sed·
344 3183 416 3244 sieri
438 3203 505 3244 non
523 3191 640 3266 potest,
652 3192 690 3243 ut
711 3185 897 3246 accuratior
919 3209 975 3269 arg
977 3209 1016 3246 u·
1085 3189 1090 3195 ’

28 3285 34 3326 ἵ
63 3293 256 3346 mentorum
264 3285 436 3368 expositio
453 3283 672 3381 eiperspicnn
695 3291 762 3354 tra
750 3276 896 3345 tationis
918 3306 1016 3346 enar-

62 3384 148 3462 ratio
160 3371 360 3468 exhibeatur
377 3383 1016 3467 Namnequesupersuntcomoediarum

65 3481 138 3546 eins
161 3457 339 3569 reliquiae,
368 3501 481 3566 neque
498 3489 647 3550 veterum
679 3479 872 3546 criticorum
894 3480 1017 3544 indicia
