2102 3794
506 50 650 156 Q
720 1 723 8 ,

34 289 37 296 .
98 240 195 311 micis
221 239 374 326 {magistri
399 222 538 324 pessima
573 259 724 326 quaeque
751 225 869 306 timere
901 237 1025 304 debehat

98 341 198 422 Quod
228 362 269 402 eo
298 339 409 401 verius
438 339 499 400 tibi
527 339 715 418 videbitur,
755 363 830 402 cum
860 341 1025 424 Epicharmi

95 449 222 524 patrem
244 441 401 526 intimem⁸
412 461 486 500 cum
499 439 683 524 Pythagora
698 439 948 502 familiaritatem
961 464 1022 502 con-

94 542 227 604 traxisse
260 539 531 614 consideraveris.
552 565 554 580 *
574 541 686 622 Itaque
714 550 771 624 eut
797 541 868 624 ipso
898 562 937 604 eo
964 551 1028 601 tem-

27 677 30 682 -
95 661 197 724 pore,
229 661 296 723 quo
321 627 421 714 furor
448 637 688 700 coniurationis
711 639 839 722 erupit,
871 649 927 701 aut
950 640 1028 723 paulo

98 741 354 818 antemetihns,
378 740 438 823 qui
460 763 532 802 eam
552 752 818 824 praecesserant,
840 742 987 823 impulsus
1001 763 1030 802 ex

98 840 189 900 ltalia
205 841 365 925 profugus
381 841 471 914 abiit.
504 837 699 923 Quanquam
719 839 823 900 missis
845 839 952 917 hisce,
974 861 1029 924 quas

98 940 306 1002 coniecturas
329 959 396 1003 esse
416 939 518 1002 modo
542 939 700 1017 diri„ea,
723 959 806 1022 quae
829 939 937 1003 multo
958 947 1029 1014 sunt,

61 1053 63 1060 ’
98 1041 261 1118 certiora,
284 1039 513 1112 demonstrare
538 1031 699 1104 conabor·
725 1043 744 1093 .'
921 1039 931 1045 ”

161 1139 260 1217 Quod
282 1140 380 1224 igitur
412 1159 449 1200 ex
472 1139 562 1200 Italia
580 1139 616 1204 in
640 1139 779 1200 insulam
800 1139 872 1204 Con
895 1139 1032 1223 Epichar-

97 1247 186 1301 mum
207 1238 343 1300 rediisse
360 1238 541 1320 ,contendis
565 1238 600 1298 id
621 1237 753 1320 quidem
776 1260 886 1323 neque
910 1251 1041 1350 veterum!

99 1337 284 1418 quisquam,
308 1358 416 1419 neque
439 1337 708 1420 adeoDiogenes
732 1347 765 1398 et
795 1339 915 1400 Suidas
939 1340 971 1398 in
989 1339 1032 1396 vita

98 1437 290 1520 Epicharmi
320 1435 449 1510 disertis
479 1437 782 1519 verbisldixerunt.
826 1438 894 1500 Sed
919 1437 979 1522 ipsi
1000 1435 1031 1494 iti

103 1537 169 1599 duo
193 1538 371 1618 scriptores
394 1535 557 1614 efficiunt,
579 1545 616 1598 ut
629 1537 714 1600 hanc
734 1555 842 1597 meam
863 1538 1032 1598 sententian

100 1638 288 1718 necessario
317 1637 521 1702 statuendam
559 1658 626 1698 esse
661 1637 835 1699 concedas.
883 1639 949 1698 Hie
975 1657 1031 1697 vero

98 1736 165 1798 duo
189 1737 259 1815 illa,
291 1737 460 1820 quaejam
482 1759 581 1819 supra
602 1739 735 1816 monui,
767 1719 801 1798 in
823 1749 969 1800 mentem
991 1733 1032 1796 tibi

98 1856 258 1898 revocare
292 1835 401 1898 debes.
443 1837 603 1898 Nimirum
624 1837 809 1920 Diogenem
835 1837 937 1898 vitam
967 1853 1031 1896 suan

97 1937 289 2020 Epicharmi
310 1937 356 1998 ita
378 1939 413 1998 in
434 1939 537 2000 breve
560 1937 725 2020 coegisse,
747 1947 785 1997 ut
805 1959 942 2020 magnae
963 1939 994 1996 in
1009 1933 1040 1992 es*

99 2035 238 2100 lacunae
260 2045 486 2118 compareant,
510 2036 645 2096 Suidam
663 2045 771 2096 autem
788 2035 919 2120 singula
934 2044 1031 2098 tantun

100 2136 204 2219 ‘eaque
233 2135 450 2202 diversissime
472 2135 613 2216 indicia,
644 2158 727 2220 quae
750 2137 840 2196 inter
863 2157 898 2198 se
921 2137 1032 2198 conius·

100 2258 177 2318 gere
203 2237 272 2319 ipse
296 2237 513 2319 desperasset,
537 2229 919 2318 temere'composuisse.
949 2239 1031 2315 Itaque

101 2337 135 2394 in
159 2337 274 2396 -verbis
305 2337 368 2401 illis
398 2337 570 2420 Diogenis:
615 2343 818 2422 τριμηνιαῖος
853 2331 882 2399 d’
903 2333 1031 2415 ὑπάρχων

102 2426 274 2516 ἀπηνέχθη
295 2439 353 2518 τῆς
373 2435 523 2510 Σικελίας
546 2437 589 2510 εἰς
610 2437 766 2519 Μέγαρα.
787 2435 939 2500 ἐντεῦθεν
960 2437 991 2498 δὲ
1008 2451 1031 2500 ss'

101 2531 319 2618 Σαρακῡύσας
347 2537 464 2600 lacuna
494 2537 651 2614 interest,
685 2526 783 2617 quam
815 2535 939 2596 Suidae
970 2533 1029 2596 testi·

101 2639 224 2703 suenio¹
245 2637 486 2722 quodammodo
507 2638 681 2717 ‚complere
705 2624 813 2720 queas.
858 2637 970 2698 Verba
990 2636 1029 2694 eia·

102 2739 184 2802 haec
196 2739 289 2800 sunt:
311 2736 393 2809 τινὲς
413 2737 447 2798 δὲ
468 2729 564 2798 αὐτὸν
576 2736 672 2798 Κῶον
692 2729 879 2818 ἀνέγραψαν
899 2735 961 2808 τῶν
978 2729 1030 2811 μιν

106 2836 246 2917 Κάδμου
274 2835 318 2908 εἰς
332 2825 488 2903 'sanfam
508 2830 779 2914 ussosuqedvrsor,
808 2825 900 2896 ἄλλοι
921 2831 1029 2912 Σάμιον,

105 2929 194 3003 ἄλλοι
204 2938 366 3020 Μεγάρων
386 2937 447 2997 τῶν
467 2935 500 3015 ἐν
513 2932 654 3018 Σικελιᾲ.
687 2938 793 3017 Atque
805 2939 917 3018 primo
931 2941 1029 3017 aspectu

105 3022 224 3098 Suidae
248 3037 303 3098 illa
326 3037 470 3106 narratio
483 3033 637 3116 Diogenis
659 3035 885 3097 testimonioe
902 3036 1028 3098 diametri

106 3156 291 3218 repugnare
319 3136 461 3196 videtur.
505 3133 598 3195 Hune
631 3135 764 3194 enimsi
788 3136 954 3218 sequeris,
979 3131 1029 3210 tp·

108 3223 277 3298 charmurn
307 3237 395 3296 eirca
417 3235 470 3294 Ol.
492 3236 559 3296 Lx.
589 3257 626 3296 ex
648 3235 752 3294 insula
774 3235 820 3293 Co
852 3236 887 3294 in
919 3234 1028 3295 Siciliae

109 3330 297 3416 pervenisse
320 3337 445 3394 statues.
485 3333 582 3410 Quod
601 3333 732 3415 quidem
747 3344 880 3414 ternpus
899 3335 957 3416 qui
970 3335 1028 3392 red¹

114 3441 204 3495 arare
227 3421 397 3516 definitum
427 3453 495 3494 esse
519 3433 701 3515 negaverit:
736 3432 824 3498 idem
853 3445 962 3497 tamen
980 3427 1029 3512 Eri·
