2210 3798
512 24 656 146 'ra—*o-

107 203 246 290 tentiarn
265 225 483 310 Epicharmus
504 247 534 288 v.
555 248 581 288 ι.
604 232 684 288 eta
708 231 789 310 qnos
810 245 909 309 supra
931 226 1095 310 eDiog.
1094 255 1095 276 ι

107 328 215 388 Laert.
238 325 348 406 attuli,
371 326 546 409 perspicue
563 326 638 386 satis
657 325 896 409 pronuntiavit.
932 327 990 386 His
1009 351 1062 387 au·
1093 293 1095 378 4

108 433 177 488 tem
192 427 355 510 componi
372 427 472 488 dehet
487 425 606 487 Alcimi
628 427 765 510 quoque
780 425 1060 503 addidamcntun,

100 525 169 608 'qui
187 525 326 608 eandem
343 537 419 588 cum
429 523 629 607 Epicharmo
650 519 847 588 sententiani
864 526 898 585 in
911 526 1062 587 doctrina

108 625 255 686 Platonis
284 645 320 686 se
347 625 510 706 reperisse
543 625 687 706 putabat.
730 624 816 684 Audi
843 625 945 687 verba
973 625 1059 686 eius:

107 721 157 796 ἕςι
178 723 213 786 di
231 723 294 785 τῶν
315 721 407 786 εἰδῶν
426 721 461 788 ἓν,
479 722 592 793 suasos
613 716 719 784 ἀΐδιόν
738 724 841 786 τεκαὶ
858 718 984 806 νόημα,
1006 718 1060 784 sici

108 818 333 908 πρὸς,“τοι3τοις
353 815 497 897 ἀπαθές.
519 821 569 884 ht
583 818 653 884 ’καί
670 833 771 906 φησιν
791 821 824 884 ἐν
837 824 876 908 τῇ
889 818 989 907 φύσει
1005 823 1059 896 τὰς

108 923 197 998 ἰδέας
228 917 339 994 ὲςάναι
369 917 547 1008 καθάπερ
559 919 819 1005 ncpcdas'ypscrc·
849 923 889 985 τὰ
921 915 952 984 ‹5'
984 912 1060 986 sitta
1093 991 1095 1006 ⁴

112 1017 248 1098 ταύταις
269 1019 425 1096 ἐοικέναι,
443 1015 564 1082 τούτων
584 1013 773 1100 ὁμοιώματα
794 1021 975 1092 saczcam.
1005 1025 1062 1082 lta-

110 1141 175 1206 qne
208 1141 310 1203 quum
337 1118 431 1181 ideae
460 1139 523 1202 per
549 1127 652 1180 totam
681 1141 794 1180 rerum
825 1129 976 1198 naturam
998 1121 1059 1182 sint
1093 1089 1095 1156 4

110 1219 292 1302 dispersae.
326 1217 365 1280 in
384 1216 528 1278 humano
551 1217 661 1277 animo
685 1237 818 1300 quoque
845 1217 939 1280 ideae
962 1241 1061 1302 qnae-

90 1318 187 1382 udarn
217 1318 346 1395 insunt,
379 1337 463 1400 qnae
492 1320 561 1406 nori
590 1313 789 1379 extrinsecus
810 1314 1060 1401 percipiuntur,

111 1419 169 1481 sed
199 1419 291 1486 velut
319 1417 451 1480 innatae
482 1437 519 1480 cx
547 1415 618 1530 ipso
649 1417 759 1478 animo
790 1419 996 1480 exoriuntur.
1034 1422 1059 1482 E

112 1519 231 1604 quibus
254 1516 337 1580 ideis
357 1505 573 1594 homines,
548 1537 575 1578 ιι
596 1515 636 1598 ad
660 1537 713 1578 aas
733 1516 879 1579 actiones
894 1537 965 1582 suas
983 1540 1060 1580 con-

110 1617 345 1694 summaverint,
368 1615 583 1676 denominare
605 1613 689 1676 adeo
708 1615 859 1678 solemus.
902 1616 940 1678 Id
954 1626 1059 1680 autem

109 1717 326 1802 Epicharmus
348 1715 514 1798 exempto,
542 1714 633 1798 quod
655 1715 694 1776 ab
717 1723 786 1776 arte
808 1716 897 1778 tibiis
919 1717 1059 1780 canendi

109 1817 328 1902 repetiverat,
354 1814 588 1904 demonstrare
626 1816 817 1878 conahatur.
862 1816 939 1900 ¹Uti
970 1819 1056 1880 enim

111 1901 298 1996 hominem,
321 1916 367 1978 sie
389 1915 445 1977 illc
467 1916 739 1994 ratiocinabatur,
758 1937 826 1978 non
848 1915 952 2000 ipsam
973 1919 1057 1979 tibiis

13 2097 15 2103 .
112 2017 255 2084 canendi
276 2023 382 2078 artem
402 2023 687 2093 esse,constaret,
709 2015 766 2077 sed
786 2021 880 2093 eum,
904 2017 960 2099 qui
975 2017 1057 2078 hanc

111 2125 217 2180 artem
239 2115 390 2193 calleret,
413 2113 712 2194 tibicinemtdicere
730 2135 995 2186 consuessemus:
1019 2117 1058 2176 ita

110 2217 282 2283 hominem
313 2237 378 2276 noo
413 2208 516 2297 ipsa'm
536 2213 618 2274 honi
640 2213 747 2274 ideam
770 2233 870 2294 esse,
887 2214 945 2278 sed
968 2220 1056 2292 dum,

113 2319 172 2402 qui
191 2317 274 2380 boni
296 2315 403 2378 ideam
416 2313 617 2378 conscientia
628 2314 830 2400 percepisset
841 2321 938 2398 atque
958 2317 1057 2376 actio-

112 2421 209 2482 nibus
231 2420 295 2480 suis
318 2417 539 2500 expressisset,
566 2416 693 2478 bonum
718 2413 887 2478 homiuem
909 2416 1056 2478 denomi-

112 2519 194 2582 nari.
237 2519 331 2596 Quae
359 2515 424 2577 huc
450 2514 598 2597 pertinet
617 2501 807 2596 Epicharmi
829 2515 1054 2590 ratiocinatio,

110 2619 194 2682 haec
216 2625 279 2694 est,
303 2612 551 2700 quamAloimus
575 2613 593 2670 Ι.
606 2612 628 2673 l.
650 2613 865 2676 conservavit.
900 2603 937 2676 ‘O
954 2611 1056 2675 τοίνυν

119 2715 312 2838 ξπιχαρμος
343 2712 424 2797 περὶ
434 2735 467 2776 τε
487 2711 543 2774 rori
566 2705 693 2794 ἀγαθοῦ
717 2714 774 2776 καί
793 2713 948 2796 περὶτῶν
970 2713 1055 2778 idaeis

111 2812 195 2881 οὕτω
215 2818 348 2898 λέγει·
445 2865 449 2872 .

110 2909 265 3000 Λ.Αρ
249 2935 316 2987 εςιν
336 2903 470 2996 αυλησῖς
490 2916 522 2974 τί
542 2911 688 2995 πρᾶγμα;
707 2914 749 2975 Β.
769 2908 851 2976 πάνυ
872 2903 991 2992 μὲν
952 2935 1018 2977 ουν.

109 3021 156 3083 A.
169 3009 359 3098 ’Ἀνθρωπος
381 3003 436 3074 οὖν
457 3003 628 3095 αυλησίς
612 3033 698 3091 εςιν,·
691 3013 758 3074 ·.Β
780 3005 941 3103 οὐδαμῶς.

109 3119 156 3186 A.
179 3107 246 3197 Φερ
268 3111 360 3200 ἴδω,
363 3134 393 3173 τι
391 3102 444 3172 ”ὃ
465 3101 623 3192 αιῖλητάςς
644 3108 693 3184 τίς
715 3103 802 3199 εἶμέν
821 3133 870 3172 τοι
894 3099 997 3190 δοκεῖς

163 3199 566 3294 ’Ἁνθρωιιοςςηοιῖγαρςᾶ
571 3207 720 3290 astraph
730 3231 794 3294 ocu.
802 3213 840 3274 A.
848 3204 1057 3274 ου’κοῦνδοκιῖ

122 3316 231 3378 Tot
252 3335 308 3373 και
329 3333 400 3393 περι
420 3310 476 3372 τοῦ
482 3303 626 3392 ἀγαθοῦ
649 3302 749 3384 οὕτως
770 3308 869 3389 ε”χεινς
889 3312 924 3374 τὸ
944 3312 1002 3390 μὲν

167 3405 308 3495 Ἀγαθὸν
329 3402 414 3490 εἶμεν
433 3409 468 3473 τὸ
489 3409 620 3494 πρᾶγμα
642 3402 718 3474 καθ’
738 3402 836 3492 atr’5
848 3403 925 3487 -ὅςις
946 3411 982 3476 δὲ
993 3433 1034 3473 κα
