2210 3798
526 56 671 204 ιρι,

109 281 215 366 ¹Qum
237 293 313 344 cum
335 282 379 344 ita
400 257 485 360 sint]
499 281 681 364 hebemus,
704 281 793 346 unde
814 282 961 366 Platonis
975 281 1060 370 ipsius

121 379 163 442 de
198 381 399 464 Epicharmo
431 381 591 468 iudicium
624 382 786 468 explicare
820 391 855 446 et
883 382 1061 465 ponderare

119 479 290 560 possimus.
332 481 477 564 Namque
505 481 540 542 id
569 479 698 565 ippum,
736 481 828 565 quod
855 481 1062 564 Epicharmus

120 584 297 660 tantopere
310 576 547 662 philosophum
557 588 704 663 saperet,
728 569 762 640 id
774 580 900 663 ipsum,
924 581 1063 662 inquam,

119 671 253 736 Platoni
273 677 425 742 maxime·
433 679 549 744 arrisit
564 687 662 762 atque
691 677 817 759 effecit,
848 685 902 738 ut
913 677 1064 760 Epichar-

120 788 212 836 mum
232 775 446 860 Aristophani
468 785 705 860 anteponeret,
714 787 753 846 et
773 777 964 894 principem
985 785 1065 842 vels-

121 891 211 936 rum
220 876 425 938 comicorum
450 877 668 960 praedicaret.
750 911 772 931 n

183 975 281 1054 Quod
304 985 414 1038 autem
434 996 552 1060 supro,
571 976 838 1040 cumJemblichi
846 975 1063 1038 testimonium

120 1075 1068 1162 afferrem‚srgnslicav1,sententiasphilosophicasEprchar

92 1261 97 1268 ,
122 1175 166 1236 mi
177 1192 248 1236 *non
258 1177 420 1260 peculiari
431 1177 544 1238 libello
556 1185 740 1254 contentas,
749 1175 806 1238 sed
816 1185 876 1258 por
888 1176 1065 1240 comoedias

8 1323 10 1334 ι
123 1273 193 1334 eius
214 1275 333 1357 passim
356 1273 517 1358 dispersas
538 1276 652 1338 fuisse:
676 1274 709 1334 id
725 1275 873 1335 omnium
889 1275 1064 1356 opinionic

120 1372 285 1435 diametro
298 1381 468 1460 repugnat.
483 1373 669 1460 Plerique
650 1372 738 1437 enim
748 1381 908 1450 statuunt,
918 1373 1067 1454 Epichar-

120 1493 212 1534 mum
231 1482 409 1557 praecepta
430 1495 486 1536 sua
501 1453 731 1557 philosophica
751 1474 885 1594 publice
909 1494 977 1534 esse
996 1493 1067 1556 pro·

121 1573 258 1662 fessum,
281 1581 315 1636 et
330 1575 490 1656 scriptum
494 1573 667 1668 quoddam
688 1596 760 1656 περι
783 1569 913 1657 φύσεως
934 1571 1063 1656 posteris

121 1674 306 1756 reliquisse.
332 1677 496 1736 Neutrum
516 1675 639 1736 idoneo
662 1667 866 1757 antiquitatis
887 1672 1065 1746 testimonio

8 1843 14 1854 ,
125 1773 374 1834 demonstrabis.
418 1771 484 1834 Sed
506 1795 566 1834 cur
588 1794 647 1860 ego
671 1775 705 1834 in
727 1774 822 1836 alium
845 1775 982 1834 omnino
1004 1793 1067 1838 sen·

124 1875 263 1932 tentiam
285 1872 440 1950 abierim,
469 1873 656 1957 complures
679 1883 697 1934 ι’
719 1894 770 1946 rue
794 1893 907 1934 causae
930 1870 1067 1954 proferri

93 2018 97 2025 ι
123 1981 271 2056 possunt.
313 1975 419 2056 Atque
442 1995 521 2056 prae
545 1975 697 2038 omnihus
720 1961 878 2058 aliis‘hoc
901 1973 975 2044 loco
999 1993 1067 2033 con-

124 2061 263 2155 sidcrari
297 2071 421 2134 dehent
458 2073 528 2158 ipsa
558 2074 615 2134 illa
646 2073 837 2164 Epicharmi
876 2073 1066 2158 fragmenta,

127 2193 270 2254 quorum
293 2181 523 2256 argumentum
545 2181 595 2234 est
619 2173 901 2256 philosophicum,
926 2188 1068 2255 quaeque

125 2271 269 2354 plurima
297 2271 513 2355 reperiuntur
541 2272 628 2354 apud
649 2271 851 2356 Diogenem,
882 2269 1070 2342 stobaeum,

9 2379 10 2382 ’
125 2367 353 2448 Plutarchum,
370 2371 579 2432 Clementem
596 2370 703 2446 Alex„
727 2370 817 2430 alios.
851 2369 979 2450 Eorum
994 2368 1072 2430 enim

9 2459 10 2486 ³
126 2491 168 2532 ne
191 2492 295 2531 unum
316 2469 451 2553 quidem
475 2491 582 2552 neque
603 2457 808 2547 hexametro,
842 2491 941 2552 quem
963 2489 1071 2530 nnme-

68 2597 90 2624 .’
125 2577 357 2642 rumveteres
386 2568 428 2632 ed
449 2569 598 2634 carmina
622 2591 677 2631 sua
700 2567 895 2630 didascalica
918 2569 1070 2634 adhibere

10 2685 11 2716 ³
64 2720 67 2732 .
126 2670 292 2748 solebant,
320 2654 486 2738 inclusum
507 2685 616 2749 neque
638 2668 790 2732 oratione
810 2669 984 2750 prosarie,
1009 2677 1072 2750 'qua

10 2799 11 2856 3
126 2769 193 2831 iam
213 2769 409 2854 Pythagorei
431 2765 480 2828 uti
497 2767 712 2849 inceperunt,
735 2767 962 2850 conscriptum
985 2786 1073 2848 repe-

10 2895 12 2940 ;
69 2908 73 2914 -
99 2945 103 2950 1
126 2869 209 2930 riom
241 2866 382 2936 Verum*
405 2867 440 2928 in
472 2865 625 2926 omnihus'
654 2866 744 2944 fere,
775 2865 887 2948 paucis
917 2865 1072 2951 exceptis,

10 2979 13 3050 ξ
128 2990 305 3033 numerum
326 2969 438 3047 illum,
460 2989 560 3053 quem
577 2975 704 3030 veteres
727 2968 949 3030 orchesticum
972 2977 1007 3030 et
1022 2979 1074 3028 'co-

10 3055 12 3126 Ῐ
126 3070 279 3132 rnoediae
301 3070 477 3153 proprium
499 3069 669 3156 dicebant,
690 3073 921 3132 tetrametrum
935 3065 1075 3130 trochai-

10 3169 11 3236 Ϊ
46 3223 57 3245 „
129 3193 205 3232 cum
226 3170 454 3232 catalecticum
481 3169 723 3252 deprehendes.
745 3171 807 3230 *At
828 3169 940 3239 dicere
965 3165 1074 3251 aliquis

126 3271 246 3354 possit,
270 3269 317 3330 nil
340 3270 489 3345 obstare,
513 3268 689 3350 quominus
712 3287 849 3328 numero
873 3267 932 3326 illo
950 3285 1074 3328 carmen

129 3368 362 3436 didascalicum
382 3393 400 3430 a
413 3377 512 3452 pocta
534 3369 671 3451 antiquo
687 3367 914 3448 conscriptum
936 3388 1006 3438 csse
1029 3363 1077 3426 ad·

132 3470 305 3546 mittamus.
335 3469 427 3534 Fieri
446 3469 727 3554 igiturpntuisse,
750 3467 1077 3552 ntjdipseltpichur·
