2210 3798
454 74 759 188 :aaz

90 264 204 348 ltaque
226 263 423 342 sumimus,
454 264 573 348 quihus
601 263 669 326 vita·
685 261 874 348 Epicharmi
897 253 1006 325 contii

48 372 169 441 netur,
202 373 361 448 qnantum
390 365 502 454 potui,
531 365 744 430 firmaverim:
785 364 882 441 illue,
914 363 1006 426 unde
1042 427 1044 434 .
1089 423 1090 428 ,

47 483 223 524 excursum
250 462 341 525 hunc
370 485 442 526 sum
476 483 630 539 exorsus,
671 461 912 528 revertendum
935 483 1004 524 esse

46 569 179 642 censeo.
220 561 436 646 Epicharmus
468 563 570 648 igitur
600 564 634 624 in
665 563 772 641 Italia,
809 571 843 626 et
869 560 1005 646 quidem
1059 575 1066 592 '

45 669 125 722 ante
157 669 299 722 mortem
326 651 530 748 Pythagorae
561 661 763 746 aliquamdiu
791 669 870 724 erat.
922 658 1005 724 luds

44 768 160 822 autem
173 761 226 824 vel
243 761 340 844 paulu
357 772 432 825 ante
444 771 585 826 mortem
596 761 827 846 praeceptoris
839 761 892 824 vel
902 761 1004 844 paulo

43 869 125 944 post
146 882 217 923 eam
238 861 271 924 in
293 862 432 924 insulam
453 862 524 924 Con
553 861 687 924 rediisse
708 861 852 923 videtur.
896 860 1005 940 Quem

43 962 194 1026 reditum
214 964 247 1024 in
271 971 396 1026 terram
416 964 556 1046 patriam
566 971 603 1026 nt
613 963 818 1042 institueret,
842 983 1005 1047 quaenam

43 1081 124 1122 eum
145 1062 495 1125 causae'adduxerint:
527 1062 562 1124 id
585 1061 721 1146 quidem
740 1070 893 1124 veterum
913 1059 1006 1122 testi·-
1062 1050 1065 1057 ’

42 1160 165 1222 moniis
187 1159 335 1224 destituti
356 1161 492 1223 omnino
514 1161 713 1246 ignoramus.
733 1159 839 1240 ned,
863 1158 1003 1245 quaeda

42 1281 84 1323 re
105 1260 163 1321 tali
185 1261 397 1323 coniecturae
418 1261 567 1346 proferri
588 1268 743 1345 possunt,
777 1281 891 1352 carum
920 1259 1021 1320 haec*

43 1357 128 1420 mihi
149 1379 231 1422 vero
253 1359 412 1424 simillima
432 1359 574 1422 videtur.
616 1362 763 1443 Namque
795 1381 848 1427 res
871 1366 921 1420 est
942 1378 1005 1435 no·

41 1459 183 1540 tissima,
217 1460 464 1548 coniurationes
491 1460 562 1522 illas
592 1460 631 1536 in¹
651 1459 890 1545 Pythagoreos,
918 1477 1003 1541 quau
1054 1517 1057 1524 .

42 1559 113 1636 iam
134 1559 345 1622 multumne
376 1568 483 1621 essent
512 1561 666 1638 exortae,
694 1559 754 1621 sub
785 1557 838 1619 Ol.
860 1557 1002 1620 LXVIII.

40 1679 107 1742 per
129 1659 289 1744 Cylonem
310 1659 708 1743 quendamCrotouiatam
726 1660 911 1722 aderitum
930 1677 1002 1720 csse

39 1756 229 1842 perductas.
248 1759 321 1820 Vid.
331 1761 427 1822 Diod.
440 1760 542 1824 Sicul.
563 1762 688 1822 tom.ll.
711 1783 743 1844 p.
754 1760 823 1824 556.
836 1759 888 1821 ed.
897 1759 1001 1822 Wess.

40 1849 218 1920 Iamblin
247 1860 313 1921 vita
341 1859 434 1945 Pyth.
468 1881 495 1922 c.
519 1859 570 1923 35.
611 1861 760 1944 Bentley.
785 1879 896 1946 opusc.
918 1859 1030 1943 phil„

39 1975 75 2040 p.
102 1979 168 2038 ¹9¹·
210 1959 322 2042 ltaque
335 1959 481 2022 Crotone
498 1959 598 2020 domo
616 1959 748 2020 Milonis
758 1987 769 2037 >
785 1961 819 2020 in
839 1981 902 2043 qua
917 1981 1004 2020 non-

40 2053 420 2142 nulliPythagoreorum
434 2058 537 2120 abditi
548 2059 707 2135 laterent,
730 2060 872 2138 incensa,
887 2055 1002 2120 omnes

40 2157 107 2236 illi,
131 2158 259 2221 duobus
282 2161 442 2243 exceptis,
466 2162 542 2244 igne
564 2170 641 2222 sunt
662 2161 834 2223 consumti.
876 2160 1003 2222 Eadem

40 2257 207 2320 calamitas
230 2279 305 2320 mox
327 2259 446 2324 accidit
466 2259 529 2320 illis
550 2259 754 2345 Pythagorae
777 2259 922 2338 asseclis,
943 2260 1003 2344 qui
1032 2303 1034 2313 ·

38 2357 74 2418 in
98 2357 225 2441 oppido
248 2361 394 2422 Tarento
417 2368 511 2424 erant
532 2360 730 2445 cougregati.
784 2363 892 2443 Atque
914 2359 1001 2448 „inde

39 2476 80 2518 ex
111 2477 152 2518 eo
182 2465 335 2541 tempore
366 2466 429 2542 p'er
458 2479 590 2520 omnem
620 2459 756 2520 ltaliam
777 2459 1001 2544 Pythagoreos

37 2556 197 2640 persequi
218 2558 432 2641 incipiebant.
455 2557 698 2630 cf.1ambl.1.,l.
722 2561 814 2638 Quae
833 2559 1000 2642 pernities

38 2678 118 2718 cum
138 2657 214 2740 ipsis
237 2655 405 2740 discipulis
427 2667 617 2740 pararetur:
646 2658 721 2720 ficui
741 2674 818 2719 ‘non
849 2667 999 2741 poterat,

38 2758 121 2840 quin
159 2755 229 2839 ipse
268 2756 421 2842 magister
456 2755 576 2831 eadem,
609 2741 702 2818 clmih
739 2757 998 2840 opprimeretur.

38 2859 239 2939 Quanquam
259 2857 366 2933 ratio,
390 2877 455 2940 qua
477 2857 601 2918 occisus
624 2865 673 2918 est
692 2858 911 2942 Pythagoras,
927 2879 998 2945 nori

36 2957 179 3018 omnino
202 2965 336 3020 constat.
359 2956 407 3018 Cf.
429 2957 578 3042 Bentley.
608 2977 721 3039 opusc.
750 2959 832 3042 phil.
863 2979 895 3041 p.
931 2981 997 3043 ¹9²·

34 3055 177 3118 Plurimi
206 3057 305 3142 igitur
331 3055 567 3140 discipulorum
598 3059 697 3120 vitam
728 3059 762 3120 iu
793 3059 898 3122 turbis
929 3059 997 3121 istis

34 3159 230 3221 amiserants
253 3157 435 3242 paucissimi
456 3177 542 3226 vcro,
559 3157 635 3244 fuga
657 3159 781 3222 servari
807 3167 997 3242 potuerant.

96 3255 313 3342 Epicharmus
326 3267 450 3334 autem,
474 3258 553 3320 licet
568 3257 607 3320 ad
626 3253 757 3340 σύςημα
778 3259 840 3322 τῶν
859 3252 998 3341 ἀνδρῶν,

36 3378 121 3440 quae
143 3357 245 3418 verba
262 3367 337 3420 sunt
352 3357 543 3435 Jnmblichi,
568 3379 634 3420 non
656 3359 883 3440 pertinuisset:
908 3359 997 3424 idem

34 3467 267 3552 tamenpcum
289 3455 467 3542 discipulus
488 3457 692 3544 Pythagorae
714 3458 845 3541 luisset,
868 3457 909 3523 ab
931 3459 996 3541 iniq
