2210 3798
482 101 486 116 ι
559 61 629 134 tta

458 147 460 154 t
476 129 489 157 ἱ

24 239 27 250 ¹
116 243 341 316 Camlllilctus
364 275 382 314 a
403 253 508 314 Persis
531 263 615 314 esset
637 243 811 331 devastata,
825 245 984 318 Zelnclaci
1008 258 1062 335 illi,

116 358 171 440 qui
196 358 228 416 in
253 353 361 414 Sicilia
383 363 492 430 erant,
518 353 667 438 legatos
659 355 834 416 mloniam
851 356 1061 433 dimiserunt,

113 460 171 542 qui
194 457 341 519 lromines
363 455 508 515 Jonios
500 475 532 514 tn
557 455 715 537 oppidum
729 455 876 517 Siculum
894 451 1061 534 Calactarl,

112 560 277 618 civitatem
294 557 423 614 Joniam
442 551 488 614 ibi
509 555 702 616 conditaros
722 555 932 618 advocarent.
954 555 1062 638 'Quam

115 659 249 741 quidem
272 653 501 716 invitationem
522 657 649 737 sequuti
672 663 748 715 sunt
764 657 826 717 soli
845 657 944 717 Samii
969 670 1061 740 atque

114 779 151 820 ex
173 754 308 830 Milesiis,
333 753 480 814 homines
511 754 577 832 illi,
610 754 667 837 qui
695 757 821 836 patriae
851 757 1061 818 calamitatem

42 895 49 917 t
112 859 316 941 aufugerant.
360 855 496 936 Interim
517 855 598 915 mira
618 857 779 937 quaedam
800 877 852 916 res
875 857 1060 918 intervenit

112 957 213 1020 Samii
234 955 339 1031 enlm,
362 953 440 1014 dum
455 951 598 1012 Siciliam
620 961 762 1035 petunt,
779 955 820 1013 in'
834 956 948 1016 Locris
974 965 1060 1018 crant

110 1055 357 1141 Epizephyriis;
390 1063 423 1115 et
443 1053 595 1114 Zanclaei
617 1073 692 1112 cum
714 1075 791 1136 rege
815 1054 982 1137 ipsorum,
1014 1057 1059 1116 cui

111 1177 232 1218 nomen
258 1162 329 1216 erat
348 1151 501 1240 Scythas,
518 1153 642 1228 ‚urbem
662 1151 805 1233 aliquam
821 1153 953 1216 Siciliae
979 1155 1059 1218 obsi·

112 1259 251 1334 debant,
287 1254 378 1315 cuius
408 1251 641 1334 expugnandae
672 1252 785 1334 cupidi
814 1262 914 1314 erant.
958 1257 1007 1316 Ea
1027 1277 1057 1315 re

30 1423 41 1441 „
110 1359 255 1445 cognita,
280 1345 452 1428 Anaxilaup
474 1351 588 1435 Rhegii
610 1361 787 1436 tyrannus,
811 1335 960 1444 infensus
983 1332 1057 1415 tuito
1088 1403 1090 1432 ,

110 1459 292 1534 Zanclaeis,
317 1478 392 1518 cum
404 1452 524 1514 Samiis
540 1453 624 1536 egit,
647 1473 787 1513 monens
810 1475 883 1530 eos,
907 1456 1058 1516 omitten-
1088 1467 1090 1486 ⁴

51 1619 55 1624 ,
105 1561 291 1634 domasse,
314 1573 411 1638 quarn
428 1559 599 1636 peterent,
623 1551 805 1629 Calactam,
822 1535 1058 1633 occupandam·

110 1681 174 1744 qne
206 1651 359 1720 Zanclam
397 1656 474 1715 viris
508 1671 652 1726 vacuam.
708 1652 813 1734 Atque
845 1651 941 1713 Samii
975 1653 1055 1715 dicto
1089 1643 1090 1658 ¹

110 1753 452 1824 audientesZanclam
473 1760 622 1814 tenuere.
665 1751 832 1826 Zanclaei,
862 1759 898 1811 ut
920 1773 1057 1836 occupa-

109 1871 175 1921 tam
196 1880 286 1920 suam
308 1857 425 1916 urbem
441 1853 612 1940 audivere,
636 1853 675 1914 ad
692 1873 791 1935 opem
813 1847 989 1913 ferendam
1010 1876 1056 1913 ac·

112 1980 211 2021 curru
221 1965 269 2032 nt,
283 1955 441 2015 advocato
454 1954 550 2028 etiarn
561 1951 780 2035 Hippocrate,
793 1951 893 2012 Gelae
906 1958 1054 2036 tyranno,

109 2079 253 2145 quocum
275 2055 339 2127 illis
362 2053 498 2114 societas
522 2060 600 2113 erat.
644 2054 685 2110 At
711 2052 942 2134 Hippocrates,
971 2061 1055 2134 post-

24 2187 27 2203 »
109 2152 206 2242 qnam
239 2175 313 2214 cum
346 2154 490 2218 exercitu
515 2159 670 2237 tanquam
703 2173 799 2232 opem
837 2151 902 2212 illis
935 2152 1052 2213 laturus

108 2255 255 2330 advenit,
293 2253 362 2334 ipse
392 2247 552 2334 Scytham'
577 2248 814 2316 Zanclaeornm
843 2271 970 2332 regem,
1005 2251 1052 2332 qui

107 2357 225 2416 urbem
264 2352 440 2426 amiserat,
472 2349 673 2429 fratremque
713 2349 782 2410 eius
814 2349 1050 2431 Pythogenem,

40 2437 47 2462 ⁸
107 2449 321 2535 compedibus
343 2448 471 2536 vinctos
494 2447 527 2506 in
552 2445 710 2528 oppidum
726 2448 859 2530 lnycum
880 2447 983 2518 misit,
1005 2468 1052 2508 re·

105 2557 273 2642 liquos
236 2560 343 2612 autem
360 2547 577 2623 Zanclaeos,
584 2546 723 2609 foedore
747 2568 819 2606 curn
843 2545 953 2615 Samiis
976 2547 1048 2610 inito

106 2664 140 2716 et
160 2651 225 2712 fide
249 2627 323 2709 data
344 2655 542 2727 acceptaque
565 2643 723 2740 prodidit
766 2647 893 2709 Merces
916 2645 946 2704 ei
968 2669 986 2706 a
1001 2646 1050 2704 Sa-

104 2753 174 2816 miis
195 2751 277 2810 haec
300 2755 371 2805 erat
391 2742 559 2856 stipulata,
583 2752 620 2804 ut
641 2743 801 2836 omnium,
825 2764 909 2826 quae
931 2745 1049 2806 moveri

90 2849 240 2937 ¹'possent
259 2839 577 2925 mancipiorumque,
601 2862 684 2924 quae
707 2843 739 2901 in
758 2843 841 2903 urhe
864 2852 986 2921 essent,
1008 2842 1049 2902 di-

62 2949 64 2953 ’
104 2950 237 3011 midiam
258 2949 386 3028 partem
408 2941 623 3022 Hippocrates
654 2935 836 3023 acciperet,
870 2961 1047 3022 quaerero

105 3051 139 3112 in
163 3047 245 3132 agris
268 3051 391 3118 essent,
424 3061 462 3101 ea
483 3051 601 3100 cancta
623 3041 807 3102 sortiretur.
851 3042 952 3124 Igitur
972 3043 1047 3102 Zan-

106 3149 280 3211 claeorum·
297 3139 506 3224 plerosque
498 3161 566 3222 ipse
588 3139 824 3220 mancipiorum
846 3137 970 3209 locoru
985 3141 1047 3202 vin-

106 3246 187 3309 culis
209 3241 342 3317 hahuit,
366 3239 599 3302 eminentiores
622 3246 731 3298 autem
745 3238 879 3298 illorum
888 3247 1046 3300 trecentos

105 3345 220 3408 Samiis
241 3339 380 3402 tradidit
401 3335 664 3399 interficiendos:
694 3345 727 3397 at
755 3338 801 3398 at
826 3338 893 3398 hac¹
922 3338 1045 3420 quidem

106 3444 203 3528 culpa
214 3437 313 3502 Samii
328 3438 568 3501 abstinuerunt.
608 3427 744 3519 Scythas
760 3455 861 3516 vero,
877 3437 1047 3502 Zanclaeo·
