2210 3798
45 287 125 374 pido
147 287 208 364 isto
232 285 284 348 Ol.
307 285 450 348 LXXIV.
473 306 517 354 2„
532 285 641 347 deleto
664 308 682 346 a
705 283 833 366 Gelono
855 285 995 370 Syracu-

45 395 166 454 sas-est
186 387 363 448 traductus.
406 389 517 469 Neque
541 387 636 446 enim·
651 393 733 463 ¹ante
762 393 888 467 tenipus
911 387 998 448 istiid

40 488 283 570 'Epicharmum
303 486 442 571 Megaris
471 486 588 547 abiisse
620 493 769 546 veterum
797 471 996 567 scriptorum
1088 475 1090 482 ⁸

46 587 132 648 ullus
154 586 229 647 satis
246 594 342 646 certe
359 585 572 668 significavit:
603 587 711 665 neque
734 605 829 665 cansa
859 583 996 661 idonee,

47 707 107 746 cur
128 685 175 746 id
206 681 341 762 lecerit,
373 683 550 767 excogitari
578 691 695 764 potest.
738 683 809 744 Hoc
839 691 887 744 est
914 703 995 745 vero

46 786 281 860 certissimum,
303 783 380 845 inde
404 787 442 846 ab
466 785 525 844 illo
540 792 697 866 tempore
719 805 822 865 usque
844 783 885 844 ad
906 805 998 844 mor-

47 896 115 946 tem
137 907 226 946 suum
247 907 308 969 per
333 891 419 944 octo·
438 884 508 944 fere
531 865 742 968 Olympiades
764 883 999 972 Epicharmuru
1078 867 1081 873 ⁵

47 985 260 1062 continenter
271 982 438 1068 Syracusis
460 983 685 1064 permansisse.
729 981 765 1041 In
787 1003 851 1064 qua
867 1005 903 1043 re
923 983 998 1066 plu·
1061 995 1063 1004 ‘

46 1082 210 1150 rimorum
236 1081 415 1168 hominum,
435 1081 563 1140 moreni
592 1088 640 1140 est
661 1089 831 1163 sequutus,
863 1083 920 1164 qni
942 1081 999 1142 ubi

47 1175 235 1242 dulcissime
251 1189 298 1256 „et
318 1173 551 1264 gloriosissime
578 1181 676 1240 vitem
705 1180 822 1262 degere
845 1191 995 1263 possunt,'

25 1283 96 1342 .ibi
129 1281 342 1342 libentissime
372 1281 574 1342 commorari
604 1281 722 1341 solent.
762 1283 876 1364 'Neque
899 1282 999 1342 enim

46 1399 185 1466 usquam
206 1392 272 1444 tam
293 1379 414 1451 idonea
443 1382 568 1464 ingenii
589 1381 776 1442 ostentandi
798 1383 1008 1464 opportuni-⁸
1039 1445 1061 1471 Ι,

46 1490 111 1556 tas,
136 1501 233 1562 quam
255 1479 419 1562 Syracusis
429 1480 629 1562 Epicharmo
654 1480 867 1558 offerebatur,
891 1503 999 1563 neque

7 1647 8 1654 ἵ
47 1578 223 1640 hominum
250 1578 471 1640 litteratorum
501 1587 534 1640 et
555 1575 718 1639 artificum
740 1589 878 1658 coetus„
901 1601 999 1662 quem

50 1677 221 1740 erl-aulam
242 1694 331 1738 suam
354 1677 436 1740 Gelo
464 1687 561 1762 atque
590 1675 693 1740 Hiero
716 1691 996 1758 con-vocaverant,
1059 1725 1061 1729 ,

48 1777 286 1862 Epich'armum
315 1775 412 1861 quam
440 1769 577 1844 ¹inarime
608 1777 772 1840 delectare
801 1802 869 1842 non
890 1780 1002 1841 debe·
1032 1803 1035 1812 ¹

47 1865 140 1942 liant.
184 1881 212 1939 Is
233 1888 436 1940 autem'cum
458 1880 627 1964 Syracusis(
653 1880 829 1940 diutissime
850 1881 997 1959 vixisset,

12 1986 14 2000 '
50 2003 70 2060 u
90 1977 259 2061 plerisque
278 1988 430 2038 veterum
451 1979 665 2060 scriptoribus
684 1989 739 2040 aut
755 1981 888 2041 omnino
901 1971 1019 2069 Syria·¹

49 2083 159 2144 cusius
181 2094 237 2143 aut
259 2089 347 2143 certa
360 2075 468 2143 licimo
491 2081 623 2143 Siculus
640 2065 820 2150 dicclratur.
843 2085 890 2145 cf.
902 2085 999 2146 Arist.

38 2183 141 2266 ,poetss
165 2186 215 2244 III.
237 2185 267 2244 3.
284 2180 467 2242 ·Theocrit.
495 2177 602 2265 epigr.
621 2181 693 2242 XV.
723 2183 862 2268 Diogen.
891 2185 999 2264 Laert.
1022 2241 1034 2256 ,

49 2275 120 2346 vit.'
139 2279 272 2365 Epicu,
305 2277 459 2340 Themist.
493 2299 553 2344 or..
572 2278 657 2340 XIX.
690 2278 808 2342 Athen.
836 2280 891 2340 lili.
919 2283 1000 2343 VIII.

49 2407 82 2468 p.
107 2384 176 2446 362.
201 2381 230 2442 d.
249 2380 323 2442 XV.
346 2402 376 2462 p.
399 2379 467 2461 698.
492 2400 519 2452 c.
549 2377 730 2438 Columella
753 2377 793 2438 de
817 2401 853 2440 re
876 2389 954 2463 rust.
977 2383 999 2442 I.

53 2507 98 2561 r.,
123 2483 151 2545 8.
180 2479 542 2564 V11.3.‚6.*Hyginus
570 2478 633 2546 fab.
657 2493 726 2563 277.
761 2480 1000 2562 Cedrenahist.
1096 2497 1097 2500 ’

50 2607 83 2668 p.
111 2581 177 2662 143.
201 2582 332 2664 aliique.
542 2599 545 2607 “
651 2615 654 2622 ’
985 2611 993 2628 .

113 2686 219 2766 Atque
242 2681 443 2764 Syracusas
435 2704 497 2741 iam
518 2680 627 2742 sedem
642 2702 730 2742 suam
746 2681 889 2750 fortasse
896 2691 1003 2743 trans-

49 2784 174 2846 tulerat
185 2781 415 2865 Epicharmus
439 2793 538 2862 quum
559 2783 591 2842 in
615 2782 667 2846 litt
654 2783 733 2846 teris
744 2783 955 2864 complendis
968 2793 1001 2844 et

50 2883 145 2946 novis
145 2864 375 2942 inveniendis
398 2899 533 2963 operam
555 2873 644 2940 suam
636 2901 787 2962 ponere
804 2901 878 2942 cum
892 2881 1002 2942 Simo-

50 2984 134 3045 niele
154 2976 326 3064 inciperet.
364 2980 525 3042 Nimirum
546 2979 611 3040 hoc
628 3001 645 3039 e
658 2981 830 3040 nonnullis
852 2991 1003 3044 veterum

49 3080 246 3144 testimoniis
270 3079 511 3161 consequitur,
522 3099 559 3137 us
546 3079 623 3160 qne
646 3077 687 3138 ud
708 3077 873 3172 hellurum
894 3080 1004 3141 Persi-

49 3201 180 3246 corum
190 3181 283 3241 initia
305 3201 440 3274 graecas
457 3179 509 3238 litt
497 3187 580 3238 teras
613 3139 756 3239 sedecirii
775 3181 1002 3242 tantummodo

49 3284 124 3343 illas
155 3281 268 3357 luisse,
302 3299 388 3361 quas
403 3295 489 3338 nunc
509 3277 680 3338 Cadmeas
698 3277 807 3338 dicere
831 3282 1003 3340 consuevi

49 3401 134 3444 mus.
178 3382 272 3456 Quae
288 3377 447 3460 reliquae
463 3385 650 3452 suntoctO,
673 3378 712 3452 θ,
730 3399 776 3460 ⁴‚sp
797 3400 833 3455 χ,
846 3377 886 3452 ζ,
907 3379 937 3452 ‘5‚
957 3392 1002 3456 ψ,

8 3503 9 3506 ’
49 3509 90 3567 η,
111 3506 138 3548 ω
144 3527 155 3560 ,
176 3504 233 3545 eas
250 3480 289 3543 at
304 3473 505 3564 Epicharmo
526 3489 568 3540 et
571 3477 744 3546 Sernonrde
764 3473 914 3558 inventes
933 3501 1001 3542 esse
