2266 3802
475 101 633 245 Q

68 345 209 394 connexa
230 325 351 403 essent,
375 340 483 411 neque
505 309 548 390 ad
570 327 826 412 unamaliquam
848 327 1021 394 actionem

69 429 284 514 pert.inerent
327 427 519 488 Histriones
540 437 650 490 autem
681 422 920 510 Spartanorum
948 451 1025 490 cum
1108 447 1110 453 ‘

70 523 189 591 desirate
218 544 275 614 sua
305 525 372 588 sive
400 521 595 610 μιμήματα
611 523 766 622 ederent·
810 527 844 588 in
874 526 1024 606 hominis

70 627 205 692 alicuius
231 623 362 705 habitu,
393 625 501 711 gesta,
530 614 715 706 sermone,
729 627 832 714 gradu
860 615 1022 690 imitando

18 745 21 754 ¹
70 727 296 790 consistebant
338 729 450 810 Neque
464 737 573 804 tamen
587 727 867 806 historiunculae,
891 727 1024 810 ιιιι3Ι33-

70 847 197 908 cunque
227 825 357 888 demum
385 817 578 914 spectacdlis
609 817 692 887 i‘stis
709 822 849 888 milnicis
878 821 1031 898 edeban

68 934 142 1001 tur,
177 925 240 986 hac
267 911 396 988 ratione
428 935 522 988 erant
534 925 780 1009 compositae,
821 933 858 986 ut
889 909 1027 986 actionis
1090 943 1098 958 “

70 1045 177 1084 causas
200 1023 330 1110 atque
321 1026 383 1084 ruit
386 1025 432 1102 ia,
455 1021 526 1090 tum
548 1025 617 1086 cius
633 1041 844 1109 progressum
866 1023 1041 1122 3333333,χ

16 1147 18 1162 ι
68 1122 202 1183 tandem
239 1121 393 1186 effectum
425 1125 544 1188 sensim
576 1123 764 1206 sensimque
797 1127 1026 1206 cognosceres.
1075 1146 1105 1158 ¹¹

67 1221 193 1282 Verum
221 1222 322 1304 paulo
353 1217 600 1288 artificiosiores
630 1222 732 1283 milri
733 1221 840 1282 fuisse
868 1220 1029 1282 videntur

68 1321 227 1380 ltalo'rum
250 1329 283 1380 et
304 1317 494 1414 Siculorum
516 1318 697 1406 pinianae.
695 1321 806 1382 Erat
807 1319 896 1381 enim
909 1335 1028 1380 eorum

69 1427 297 1502 argumentum
320 1413 406 1484 actio
429 1421 566 1506 3Ιίιιιι3,
579 1441 662 1504 quae
686 1444 703 1481 3
726 1417 955 1506 compluribus
977 1415 1030 1478 lu-

65 1519 225 1581 dionibus
248 1519 415 1584 ederetur.
457 1519 623 1584 Attidem
646 1519 799 1580 adverae
822 1519 952 1596 fabulae
975 1540 1030 1580 ra-

65 1621 174 1680 tiones
194 1620 350 1710 nondum
383 1629 479 1692 erant
501 1620 724 1699 conformati.
752 1623 832 1704 Nam
854 1619 1027 1698 ludiones,

68 1729 106 1780 ut
127 1721 191 1780 boc
214 1720 322 1782 silent'
299 1729 347 1785 tru
368 1723 593 1806 praeteream,
618 1741 674 1780 eos
692 1707 793 1804 magis
805 1720 911 1800 mimis
926 1727 1031 1808 quam

68 1819 227 1882 diverbiis
267 1842 361 1885 usos
354 1821 508 1904 fuisse,
534 1818 727 1885 ludiones
717 1819 853 1902 anquam
890 1820 1031 1881 actionis

16 1927 17 1932 ’
68 1919 227 2004 3ιιί33ιιιι3
265 1920 485 2004 gravissimam
521 1927 652 2005 partem
690 1913 906 1996 exhihebant,
948 1919 1056 2010 quin,
1116 1953 1117 1956 ¹

65 2041 152 2130 quae
175 2019 306 2103 singula
323 2019 562 2085 antecederent
575 2027 612 2080 et
626 2025 932 2106 consequerentur,
952 2015 1030 2078 affa—
1046 2045 1050 2050 ·

16 2111 17 2114 ¹
66 2119 128 2186 'aim
166 2118 380 2200 explicarent.
431 2104 622 2202 itliquanla
647 2117 748 2202 igitur
783 2115 834 2178 hls
875 2111 1030 2178 omnibus

17 2265 18 2270 ι
65 2215 283 2278 Doriensium
311 2214 448 2278 ludicris
469 2217 682 2300 perfectior
684 2225 755 2278 3333
781 2211 1027 2302 Megarensium

68 2316 268 2396 comoedia,
298 2317 429 2400 qualern
461 2339 560 2411 supra
571 2315 760 2400 descripsi.
812 2315 907 2392 Licet
939 2315 1031 2378 enim

68 2415 272 2498 singularum
288 2437 402 2479 rerum
418 2415 576 2500 expositio
593 2423 625 2478 et
640 2415 786 2477 elocutio
803 2435 912 2498 neque
933 2411 1032 2498 prae-

65 2513 226 2576 meditata
257 2523 339 2577 esset
375 2536 483 2602 neque
521 2509 711 2579 artificiosa:
740 2504 890 2576 attamen
923 2533 1029 2582 unum

65 2613 208 2676 actionis
230 2614 368 2690 alicuius
391 2615 643 2699 argumentum,
670 2637 736 2698 quo
761 2616 872 2699 omnia
886 2622 957 2676 'sua'
973 2613 1028 2674 di·
1075 2637 1093 2644 ·¹

63 2705 184 2775 verbia
206 2712 362 2796 deinceps
386 2713 587 2798 dirigerent,
615 2707 797 2781 histriones
818 2701 985 2796 praevie
975 2735 1029 2774 ιιι-

66 2821 137 2872 333
144 2833 178 2872 33
201 2809 456 2874 constituebant.
501 2813 599 2893 Quod
629 2822 858 2898 argumentum
886 2821 1034 2901 quantu-

65 2912 284 2996 lumcunque
297 2914 429 2975 demum
451 2923 541 2992 erat,
566 2915 664 2978 cerlis
687 2911 906 3028 quibusdam
908 2913 1029 2974 finibus

65 3013 113 3074 ita
137 3011 188 3072 illi
217 3013 551 3092 circumscribebant,
583 3023 620 3074 ut
641 3037 677 3075 ac
680 3015 806 3075 tione'ni
835 3015 875 3074 ab
899 3017 1033 3075 antece-

64 3111 224 3173 dentibus
247 3111 361 3176 adres
384 3121 624 3196 consequentes
646 3113 833 3196 procedere
856 3111 1006 3173 sentires.
1048 3115 1054 3123 “

130 3207 220 3276 Η333
243 3221 351 3274 autern
374 3221 563 3298 argumenta
585 3214 827 3298 Megarensium
849 3213 1032 3274 comoedo-

17 3297 18 3304 *
61 3336 144 3374 rum
168 3313 235 3374 sive
259 3313 407 3378 diverbia
434 3313 500 3376 sive
524 3311 658 3375 fabellas
690 3309 847 3398 (μικροῦς
878 3309 1032 3394 μύθους)

62 3413 239 3490 caelicis,
275 3423 370 3476 erant
398 3415 497 3477 varia.
528 3417 643 3494 ¹Q'uae
672 3437 747 3476 cum
778 3413 867 3498 apud
901 3405 1032 3475 Nisaeos

63 3499 292 3596 Megarenses
305 3533 367 3599 per
388 3537 560 3606 3ιιιιιιιι3ιιιΙ
572 3511 706 3602 imperii
733 3511 1031 3610 popularis'licen-
