<?xml version="1.0" encoding="UTF-8"?>
<!DOCTYPE html PUBLIC "-//W3C//DTD XHTML 1.0 Transitional//EN"
    "http://www.w3.org/TR/xhtml1/DTD/xhtml1-transitional.dtd">
<html xmlns="http://www.w3.org/1999/xhtml" xml:lang="en" lang="en">
 <head>
  <title>
</title>
<meta http-equiv="Content-Type" content="text/html;charset=utf-8" />
  <meta name='ocr-system' content='tesseract 3.04.00' />
  <meta name='ocr-capabilities' content='ocr_page ocr_carea ocr_par ocr_line ocrx_word'/>
</head>
<body>
  <div class='ocr_page' id='page_1' title='image "./dedoriensiumcom01grysgoog_0113.png"; bbox 0 0 2210 3798; ppageno 0'>
   <div class='ocr_carea' id='block_1_1' title="bbox 473 97 670 208">
    <p class='ocr_par' dir='ltr' id='par_1_1' title="bbox 473 97 670 208">
     <span class='ocr_line' id='line_1_1' title="bbox 473 97 670 208; baseline 0.01 -1"><span class='ocrx_word' id='word_1_1' title='bbox 473 159 476 167; x_wconf 83' lang='lat'><em>·</em></span> <span class='ocrx_word' id='word_1_2' title='bbox 527 97 670 208; x_wconf 60' lang='lat' dir='ltr'><strong>aa..</strong></span> 
     </span>
    </p>
   </div>
   <div class='ocr_carea' id='block_1_2' title="bbox 127 261 1058 352">
    <p class='ocr_par' dir='ltr' id='par_1_2' title="bbox 127 261 1058 352">
     <span class='ocr_line' id='line_1_2' title="bbox 127 261 1058 352; baseline -0.001 -1"><span class='ocrx_word' id='word_1_3' title='bbox 127 289 234 351; x_wconf 82' lang='lat' dir='ltr'><strong>Laert</strong></span> <span class='ocrx_word' id='word_1_4' title='bbox 258 287 338 350; x_wconf 87' lang='lat' dir='ltr'><strong>Vlll.</strong></span> <span class='ocrx_word' id='word_1_5' title='bbox 366 310 390 348; x_wconf 90' lang='grc' dir='ltr'><strong>ι.</strong></span> <span class='ocrx_word' id='word_1_6' title='bbox 420 261 557 348; x_wconf 84' lang='lat' dir='ltr'><strong>Aelian.</strong></span> <span class='ocrx_word' id='word_1_7' title='bbox 568 288 614 348; x_wconf 67' lang='lat' dir='ltr'><strong>V„</strong></span> <span class='ocrx_word' id='word_1_8' title='bbox 622 289 668 348; x_wconf 90' lang='grc' dir='ltr'>’.ΙΙ</span> <span class='ocrx_word' id='word_1_9' title='bbox 692 287 745 348; x_wconf 88' lang='grc' dir='ltr'><strong>ΙΧ.</strong></span> <span class='ocrx_word' id='word_1_10' title='bbox 770 310 797 349; x_wconf 90' lang='lat' dir='ltr'><strong>c.</strong></span> <span class='ocrx_word' id='word_1_11' title='bbox 820 310 868 350; x_wconf 81' lang='lat'><strong>22</strong></span> <span class='ocrx_word' id='word_1_12' title='bbox 901 289 1039 352; x_wconf 84' lang='lat' dir='ltr'><strong>Jambl.¹</strong></span> <span class='ocrx_word' id='word_1_13' title='bbox 1033 311 1058 350; x_wconf 89' lang='grc' dir='ltr'><strong>ιι</strong></span> 
     </span>
    </p>
   </div>
   <div class='ocr_carea' id='block_1_3' title="bbox 20 385 1062 3564">
    <p class='ocr_par' dir='ltr' id='par_1_3' title="bbox 20 385 1062 3558">
     <span class='ocr_line' id='line_1_3' title="bbox 125 385 1059 482; baseline 0.003 -33"><span class='ocrx_word' id='word_1_14' title='bbox 125 391 191 449; x_wconf 86' lang='lat' dir='ltr'><strong>vita</strong></span> <span class='ocrx_word' id='word_1_15' title='bbox 208 385 343 472; x_wconf 82' lang='lat' dir='ltr'><strong>Pythag</strong></span> <span class='ocrx_word' id='word_1_16' title='bbox 366 410 402 452; x_wconf 89' lang='lat' dir='ltr'><strong>o.</strong></span> <span class='ocrx_word' id='word_1_17' title='bbox 418 409 467 470; x_wconf 78' lang='grc'><strong>29</strong></span> <span class='ocrx_word' id='word_1_18' title='bbox 510 389 602 466; x_wconf 80' lang='lat' dir='ltr'><strong>Quae</strong></span> <span class='ocrx_word' id='word_1_19' title='bbox 625 411 699 448; x_wconf 90' lang='lat' dir='ltr'><strong>cum</strong></span> <span class='ocrx_word' id='word_1_20' title='bbox 721 390 764 450; x_wconf 87' lang='lat' dir='ltr'><strong>ita</strong></span> <span class='ocrx_word' id='word_1_21' title='bbox 787 390 867 466; x_wconf 87' lang='lat' dir='ltr'><strong>sint,</strong></span> <span class='ocrx_word' id='word_1_22' title='bbox 897 391 1059 482; x_wconf 83' lang='lat' dir='ltr'><strong>habemns,</strong></span> 
     </span>
     <span class='ocr_line' id='line_1_4' title="bbox 124 476 1060 572; baseline 0.002 -24"><span class='ocrx_word' id='word_1_23' title='bbox 124 487 227 564; x_wconf 86' lang='lat' dir='ltr'><strong>unde,</strong></span> <span class='ocrx_word' id='word_1_24' title='bbox 260 509 358 569; x_wconf 90' lang='lat' dir='ltr'><strong>quem</strong></span> <span class='ocrx_word' id='word_1_25' title='bbox 388 507 502 570; x_wconf 89' lang='lat' dir='ltr'><strong>snpra</strong></span> <span class='ocrx_word' id='word_1_26' title='bbox 508 507 526 545; x_wconf 87' lang='lat' dir='ltr'><strong>e</strong></span> <span class='ocrx_word' id='word_1_27' title='bbox 548 488 643 571; x_wconf 86' lang='lat' dir='ltr'><strong>Diog.</strong></span> <span class='ocrx_word' id='word_1_28' title='bbox 665 477 808 550; x_wconf 84' lang='lat' dir='ltr'><strong>Laertio</strong></span> <span class='ocrx_word' id='word_1_29' title='bbox 827 476 937 548; x_wconf 88' lang='lat' dir='ltr'><strong>locum</strong></span> <span class='ocrx_word' id='word_1_30' title='bbox 969 511 1060 572; x_wconf 88' lang='lat' dir='ltr'><strong>appo·</strong></span> 
     </span>
     <span class='ocr_line' id='line_1_5' title="bbox 123 587 1060 671; baseline 0.001 -23"><span class='ocrx_word' id='word_1_31' title='bbox 123 590 195 664; x_wconf 83' lang='lat' dir='ltr'><strong>sui,</strong></span> <span class='ocrx_word' id='word_1_32' title='bbox 214 587 422 671; x_wconf 79' lang='lat' dir='ltr'><strong>explicemus·</strong></span> <span class='ocrx_word' id='word_1_33' title='bbox 453 587 613 647; x_wconf 83' lang='lat' dir='ltr'><strong>Nimirum</strong></span> <span class='ocrx_word' id='word_1_34' title='bbox 630 587 720 670; x_wconf 89' lang='lat' dir='ltr'><strong>quod</strong></span> <span class='ocrx_word' id='word_1_35' title='bbox 742 587 822 649; x_wconf 81' lang='lat' dir='ltr'><strong>dicit</strong></span> <span class='ocrx_word' id='word_1_36' title='bbox 839 587 894 649; x_wconf 78' lang='lat' dir='ltr'><strong>nte</strong></span> <span class='ocrx_word' id='word_1_37' title='bbox 913 588 952 657; x_wconf 89' lang='lat' dir='ltr'><strong>ad</strong></span> <span class='ocrx_word' id='word_1_38' title='bbox 969 589 1060 649; x_wconf 87' lang='lat' dir='ltr'><strong>Hera</strong></span> 
     </span>
     <span class='ocr_line' id='line_1_6' title="bbox 123 687 1059 771; baseline -0.002 -21"><span class='ocrx_word' id='word_1_39' title='bbox 123 688 243 750; x_wconf 78' lang='lat' dir='ltr'><strong>elidem</strong></span> <span class='ocrx_word' id='word_1_40' title='bbox 264 707 464 768; x_wconf 78' lang='lat' dir='ltr'><strong>provocans,</strong></span> <span class='ocrx_word' id='word_1_41' title='bbox 487 688 650 768; x_wconf 84' lang='lat' dir='ltr'><strong>scripsisse</strong></span> <span class='ocrx_word' id='word_1_42' title='bbox 665 687 881 771; x_wconf 77' lang='lat' dir='ltr'><strong>Pythagoram</strong></span> <span class='ocrx_word' id='word_1_43' title='bbox 904 688 1059 764; x_wconf 87' lang='lat' dir='ltr'><strong>libellum,</strong></span> 
     </span>
     <span class='ocr_line' id='line_1_7' title="bbox 123 777 1060 869; baseline 0.001 -21"><span class='ocrx_word' id='word_1_44' title='bbox 123 789 178 848; x_wconf 88' lang='lat' dir='ltr'><strong>cui</strong></span> <span class='ocrx_word' id='word_1_45' title='bbox 188 786 315 846; x_wconf 88' lang='lat' dir='ltr'><strong>titulus:</strong></span> <span class='ocrx_word' id='word_1_46' title='bbox 335 777 519 866; x_wconf 58' lang='lat' dir='ltr'><strong>’Hiar-elac</strong></span> <span class='ocrx_word' id='word_1_47' title='bbox 534 781 590 846; x_wconf 72' lang='lat' dir='ltr'><strong>rori</strong></span> <span class='ocrx_word' id='word_1_48' title='bbox 603 781 701 847; x_wconf 84' lang='lat' dir='ltr'><strong>Koiov</strong></span> <span class='ocrx_word' id='word_1_49' title='bbox 720 777 927 868; x_wconf 75' lang='grc' dir='ltr'><em>Ἐπιχάρμου</em></span> <span class='ocrx_word' id='word_1_50' title='bbox 949 788 1060 869; x_wconf 72' lang='grc' dir='ltr'><em>πατὴρ,</em></span> 
     </span>
     <span class='ocr_line' id='line_1_8' title="bbox 86 875 1060 971; baseline -0.002 -23"><span class='ocrx_word' id='word_1_51' title='bbox 86 965 88 971; x_wconf 17' lang='grc' dir='ltr'><strong><em>Α</em></strong></span> <span class='ocrx_word' id='word_1_52' title='bbox 123 887 157 948; x_wconf 90' lang='lat' dir='ltr'><strong>id</strong></span> <span class='ocrx_word' id='word_1_53' title='bbox 171 908 239 970; x_wconf 82' lang='lat' dir='ltr'><strong>ego</strong></span> <span class='ocrx_word' id='word_1_54' title='bbox 273 886 305 946; x_wconf 91' lang='lat' dir='ltr'><strong>in</strong></span> <span class='ocrx_word' id='word_1_55' title='bbox 329 885 438 946; x_wconf 90' lang='lat' dir='ltr'><strong>medio</strong></span> <span class='ocrx_word' id='word_1_56' title='bbox 465 887 611 968; x_wconf 86' lang='lat' dir='ltr'><strong>positum</strong></span> <span class='ocrx_word' id='word_1_57' title='bbox 632 885 834 968; x_wconf 84' lang='lat' dir='ltr'><strong>relinquam:</strong></span> <span class='ocrx_word' id='word_1_58' title='bbox 860 875 1060 970; x_wconf 86' lang='lat' dir='ltr'><strong>quandoqui-</strong></span> 
     </span>
     <span class='ocr_line' id='line_1_9' title="bbox 122 976 1060 1069; baseline -0.002 -21"><span class='ocrx_word' id='word_1_59' title='bbox 122 987 197 1048; x_wconf 89' lang='lat' dir='ltr'><strong>dem</strong></span> <span class='ocrx_word' id='word_1_60' title='bbox 219 986 288 1069; x_wconf 85' lang='lat' dir='ltr'><strong>ipse</strong></span> <span class='ocrx_word' id='word_1_61' title='bbox 310 986 474 1068; x_wconf 83' lang='lat' dir='ltr'><strong>Diogenes</strong></span> <span class='ocrx_word' id='word_1_62' title='bbox 502 983 792 1068; x_wconf 37' lang='lat' dir='ltr'><strong>lib.„Vlll.‘*segm.</strong></span> <span class='ocrx_word' id='word_1_63' title='bbox 826 1007 853 1046; x_wconf 84' lang='lat'><strong>2.</strong></span> <span class='ocrx_word' id='word_1_64' title='bbox 886 987 926 1048; x_wconf 87' lang='lat' dir='ltr'><strong>ab</strong></span> <span class='ocrx_word' id='word_1_65' title='bbox 949 976 1060 1068; x_wconf 78' lang='lat' dir='ltr'><strong>aequa-</strong></span> 
     </span>
     <span class='ocr_line' id='line_1_10' title="bbox 110 1083 1060 1168; baseline 0 -21"><span class='ocrx_word' id='word_1_66' title='bbox 110 1087 206 1152; x_wconf 84' lang='lat' dir='ltr'><strong>tibus</strong></span> <span class='ocrx_word' id='word_1_67' title='bbox 250 1085 315 1147; x_wconf 88' lang='lat' dir='ltr'><strong>suis</strong></span> <span class='ocrx_word' id='word_1_68' title='bbox 361 1086 458 1148; x_wconf 85' lang='lat' dir='ltr'><strong>fuisse</strong></span> <span class='ocrx_word' id='word_1_69' title='bbox 496 1083 680 1162; x_wconf 81' lang='lat' dir='ltr'><strong>dubitatum</strong></span> <span class='ocrx_word' id='word_1_70' title='bbox 718 1087 931 1168; x_wconf 70' lang='lat' dir='ltr'><strong>confitetur„</strong></span> <span class='ocrx_word' id='word_1_71' title='bbox 957 1097 1060 1149; x_wconf 80' lang='lat' dir='ltr'><strong>utrum</strong></span> 
     </span>
     <span class='ocr_line' id='line_1_11' title="bbox 119 1168 1060 1270; baseline 0.002 -26"><span class='ocrx_word' id='word_1_72' title='bbox 119 1185 316 1269; x_wconf 82' lang='lat' dir='ltr'><strong>Pythagoras</strong></span> <span class='ocrx_word' id='word_1_73' title='bbox 348 1168 656 1270; x_wconf 74' lang='lat' dir='ltr'><strong>quidquam¹literis</strong></span> <span class='ocrx_word' id='word_1_74' title='bbox 687 1184 893 1246; x_wconf 77' lang='lat' dir='ltr'><strong>niandasset.·</strong></span> <span class='ocrx_word' id='word_1_75' title='bbox 922 1183 987 1246; x_wconf 86' lang='lat' dir='ltr'><strong>Sed</strong></span> <span class='ocrx_word' id='word_1_76' title='bbox 1010 1187 1060 1246; x_wconf 92' lang='lat' dir='ltr'><strong>ali-</strong></span> 
     </span>
     <span class='ocr_line' id='line_1_12' title="bbox 120 1276 1058 1366; baseline -0.002 -22"><span class='ocrx_word' id='word_1_77' title='bbox 120 1284 210 1366; x_wconf 87' lang='lat' dir='ltr'><strong>quod</strong></span> <span class='ocrx_word' id='word_1_78' title='bbox 232 1291 340 1344; x_wconf 86' lang='lat' dir='ltr'><strong>tamen</strong></span> <span class='ocrx_word' id='word_1_79' title='bbox 362 1283 434 1345; x_wconf 87' lang='lat' dir='ltr'><strong>veri</strong></span> <span class='ocrx_word' id='word_1_80' title='bbox 453 1280 714 1350; x_wconf 76' lang='lat' dir='ltr'><strong>laudamentum</strong></span> <span class='ocrx_word' id='word_1_81' title='bbox 727 1279 780 1344; x_wconf 89' lang='lat' dir='ltr'><strong>rei</strong></span> <span class='ocrx_word' id='word_1_82' title='bbox 798 1276 928 1358; x_wconf 81' lang='lat' dir='ltr'><strong>subesse</strong></span> <span class='ocrx_word' id='word_1_83' title='bbox 950 1285 1058 1348; x_wconf 86' lang='lat' dir='ltr'><strong>debet:</strong></span> 
     </span>
     <span class='ocr_line' id='line_1_13' title="bbox 120 1379 1059 1467; baseline -0.001 -22"><span class='ocrx_word' id='word_1_84' title='bbox 120 1382 268 1465; x_wconf 88' lang='lat' dir='ltr'><strong>alioquin</strong></span> <span class='ocrx_word' id='word_1_85' title='bbox 294 1379 461 1458; x_wconf 79' lang='lat' dir='ltr'><strong>,indicium</strong></span> <span class='ocrx_word' id='word_1_86' title='bbox 491 1379 578 1440; x_wconf 89' lang='lat' dir='ltr'><strong>istud</strong></span> <span class='ocrx_word' id='word_1_87' title='bbox 611 1381 654 1442; x_wconf 52' lang='lat' dir='ltr'><strong>ab*</strong></span> <span class='ocrx_word' id='word_1_88' title='bbox 683 1381 859 1444; x_wconf 82' lang='lat' dir='ltr'><strong>Heraclide</strong></span> <span class='ocrx_word' id='word_1_89' title='bbox 891 1384 970 1467; x_wconf 84' lang='lat' dir='ltr'><strong>fingi</strong></span> <span class='ocrx_word' id='word_1_90' title='bbox 1000 1406 1059 1446; x_wconf 90' lang='lat' dir='ltr'><strong>non</strong></span> 
     </span>
     <span class='ocr_line' id='line_1_14' title="bbox 68 1479 1061 1567; baseline -0.001 -24"><span class='ocrx_word' id='word_1_91' title='bbox 68 1487 70 1490; x_wconf 80' lang='grc'><strong>’</strong></span> <span class='ocrx_word' id='word_1_92' title='bbox 118 1484 286 1567; x_wconf 83' lang='lat' dir='ltr'><strong>potuisset.</strong></span> <span class='ocrx_word' id='word_1_93' title='bbox 328 1482 481 1562; x_wconf 85' lang='lat' dir='ltr'><strong>Namque¹</strong></span> <span class='ocrx_word' id='word_1_94' title='bbox 503 1479 690 1556; x_wconf 78' lang='lat' dir='ltr'><strong>Elotlralem</strong></span> <span class='ocrx_word' id='word_1_95' title='bbox 718 1481 884 1550; x_wconf 84' lang='lat' dir='ltr'><strong>medicum</strong></span> <span class='ocrx_word' id='word_1_96' title='bbox 914 1484 1004 1546; x_wconf 87' lang='lat' dir='ltr'><strong>inter</strong></span> <span class='ocrx_word' id='word_1_97' title='bbox 1032 1491 1061 1546; x_wconf 86' lang='lat' dir='ltr'><strong>et</strong></span> 
     </span>
     <span class='ocr_line' id='line_1_15' title="bbox 117 1579 1060 1666; baseline 0.001 -23"><span class='ocrx_word' id='word_1_98' title='bbox 117 1579 353 1666; x_wconf 85' lang='lat' dir='ltr'><strong>philosophum</strong></span> <span class='ocrx_word' id='word_1_99' title='bbox 362 1581 631 1664; x_wconf 74' lang='lat' dir='ltr'><strong>Pythagoramre</strong></span> <span class='ocrx_word' id='word_1_100' title='bbox 651 1581 944 1644; x_wconf 84' lang='lat' dir='ltr'><strong>vcrafamiliaritas</strong></span> <span class='ocrx_word' id='word_1_101' title='bbox 967 1605 1060 1666; x_wconf 89' lang='lat' dir='ltr'><strong>quae-</strong></span> 
     </span>
     <span class='ocr_line' id='line_1_16' title="bbox 94 1670 1059 1760; baseline -0.002 -15"><span class='ocrx_word' id='word_1_102' title='bbox 94 1681 193 1746; x_wconf 86' lang='lat' dir='ltr'><strong>dam</strong></span> <span class='ocrx_word' id='word_1_103' title='bbox 214 1679 412 1755; x_wconf 79' lang='lat' dir='ltr'><strong>intercessit,</strong></span> <span class='ocrx_word' id='word_1_104' title='bbox 431 1701 508 1760; x_wconf 86' lang='lat' dir='ltr'><strong>¹qua</strong></span> <span class='ocrx_word' id='word_1_105' title='bbox 530 1679 652 1740; x_wconf 83' lang='lat' dir='ltr'><strong>factum</strong></span> <span class='ocrx_word' id='word_1_106' title='bbox 674 1670 736 1758; x_wconf 80' lang='lat' dir='ltr'><strong>e&#39;st,</strong></span> <span class='ocrx_word' id='word_1_107' title='bbox 758 1689 795 1741; x_wconf 88' lang='lat' dir='ltr'><strong>ut</strong></span> <span class='ocrx_word' id='word_1_108' title='bbox 818 1681 869 1744; x_wconf 88' lang='lat' dir='ltr'><strong>hio</strong></span> <span class='ocrx_word' id='word_1_109' title='bbox 892 1682 1059 1745; x_wconf 82' lang='lat' dir='ltr'><strong>doctrinae</strong></span> 
     </span>
     <span class='ocr_line' id='line_1_17' title="bbox 45 1779 1059 1873; baseline -0.001 -29"><span class='ocrx_word' id='word_1_110' title='bbox 45 1793 49 1806; x_wconf 91' lang='lat'>&#39;</span> <span class='ocrx_word' id='word_1_111' title='bbox 91 1790 94 1796; x_wconf 75' lang='grc'><em>’</em></span> <span class='ocrx_word' id='word_1_112' title='bbox 114 1785 360 1873; x_wconf 62' lang='lat' dir='ltr'><strong>incrementum</strong></span> <span class='ocrx_word' id='word_1_113' title='bbox 382 1779 547 1862; x_wconf 83' lang='lat' dir='ltr'><strong>quoddam</strong></span> <span class='ocrx_word' id='word_1_114' title='bbox 562 1781 768 1864; x_wconf 82' lang='lat' dir='ltr'><strong>perciperet,</strong></span> <span class='ocrx_word' id='word_1_115' title='bbox 792 1782 1059 1845; x_wconf 84' lang='lat' dir='ltr'><strong>illeartemsu&#39;am</strong></span> 
     </span>
     <span class='ocr_line' id='line_1_18' title="bbox 115 1880 1060 1967; baseline 0.001 -23"><span class='ocrx_word' id='word_1_116' title='bbox 115 1903 314 1967; x_wconf 81' lang='lat' dir='ltr'><strong>magnopere</strong></span> <span class='ocrx_word' id='word_1_117' title='bbox 348 1880 537 1958; x_wconf 69' lang='lat' dir='ltr'><strong>illustraret.</strong></span> <span class='ocrx_word' id='word_1_118' title='bbox 582 1881 680 1959; x_wconf 88' lang='lat' dir='ltr'><strong>Quod</strong></span> <span class='ocrx_word' id='word_1_119' title='bbox 710 1882 736 1942; x_wconf 86' lang='lat' dir='ltr'><strong>si</strong></span> <span class='ocrx_word' id='word_1_120' title='bbox 761 1905 877 1944; x_wconf 88' lang='lat' dir='ltr'><strong>verum</strong></span> <span class='ocrx_word' id='word_1_121' title='bbox 906 1905 974 1945; x_wconf 86' lang='lat' dir='ltr'><strong>esse</strong></span> <span class='ocrx_word' id='word_1_122' title='bbox 997 1905 1060 1946; x_wconf 85' lang='lat' dir='ltr'><strong>me·</strong></span> 
     </span>
     <span class='ocr_line' id='line_1_19' title="bbox 73 1980 1060 2070; baseline -0.004 -24"><span class='ocrx_word' id='word_1_123' title='bbox 73 1987 75 1994; x_wconf 87' lang='grc'><strong>’</strong></span> <span class='ocrx_word' id='word_1_124' title='bbox 116 2005 194 2046; x_wconf 86' lang='lat' dir='ltr'><strong>cum</strong></span> <span class='ocrx_word' id='word_1_125' title='bbox 219 1982 387 2046; x_wconf 85' lang='lat' dir='ltr'><strong>statueris:</strong></span> <span class='ocrx_word' id='word_1_126' title='bbox 418 1999 486 2068; x_wconf 85' lang='lat' dir='ltr'><strong>non</strong></span> <span class='ocrx_word' id='word_1_127' title='bbox 519 1980 641 2040; x_wconf 89' lang='lat' dir='ltr'><strong>diutius</strong></span> <span class='ocrx_word' id='word_1_128' title='bbox 665 1980 848 2070; x_wconf 76' lang='lat' dir='ltr'><strong>dubitabis,</strong></span> <span class='ocrx_word' id='word_1_129' title='bbox 880 1982 1060 2044; x_wconf 74' lang='lat' dir='ltr'><strong>cadetan-</strong></span> 
     </span>
     <span class='ocr_line' id='line_1_20' title="bbox 36 2080 1058 2164; baseline -0.004 -18"><span class='ocrx_word' id='word_1_130' title='bbox 36 2156 38 2164; x_wconf 18' lang='grc' dir='ltr'><strong><em>γ</em></strong></span> <span class='ocrx_word' id='word_1_131' title='bbox 115 2084 191 2146; x_wconf 85' lang='lat' dir='ltr'><strong>dem</strong></span> <span class='ocrx_word' id='word_1_132' title='bbox 221 2083 367 2160; x_wconf 74' lang='lat' dir='ltr'><strong>venerit,</strong></span> <span class='ocrx_word' id='word_1_133' title='bbox 400 2089 437 2142; x_wconf 88' lang='lat' dir='ltr'><strong>nt</strong></span> <span class='ocrx_word' id='word_1_134' title='bbox 463 2087 549 2142; x_wconf 80' lang='lat' dir='ltr'><strong>extet</strong></span> <span class='ocrx_word' id='word_1_135' title='bbox 577 2080 610 2140; x_wconf 91' lang='lat' dir='ltr'><strong>in</strong></span> <span class='ocrx_word' id='word_1_136' title='bbox 641 2080 797 2164; x_wconf 83' lang='lat' dir='ltr'><strong>Diogenis</strong></span> <span class='ocrx_word' id='word_1_137' title='bbox 824 2081 899 2150; x_wconf 86' lang='lat' dir='ltr'><strong>loeo</strong></span> <span class='ocrx_word' id='word_1_138' title='bbox 930 2083 1058 2144; x_wconf 86' lang='lat' dir='ltr'><strong>laudato</strong></span> 
     </span>
     <span class='ocr_line' id='line_1_21' title="bbox 116 2169 1059 2248; baseline -0.001 -6"><span class='ocrx_word' id='word_1_139' title='bbox 116 2181 370 2246; x_wconf 79' lang='lat' dir='ltr'><strong>narratiuncula</strong></span> <span class='ocrx_word' id='word_1_140' title='bbox 394 2179 450 2242; x_wconf 89' lang='lat' dir='ltr'><strong>illa</strong></span> <span class='ocrx_word' id='word_1_141' title='bbox 478 2178 545 2242; x_wconf 88' lang='lat' dir='ltr'><strong>sive</strong></span> <span class='ocrx_word' id='word_1_142' title='bbox 574 2179 615 2240; x_wconf 89' lang='lat' dir='ltr'><strong>ab</strong></span> <span class='ocrx_word' id='word_1_143' title='bbox 639 2169 813 2246; x_wconf 86' lang='lat' dir='ltr'><strong>Heraclide</strong></span> <span class='ocrx_word' id='word_1_144' title='bbox 846 2179 912 2243; x_wconf 86' lang='lat' dir='ltr'><strong>sive</strong></span> <span class='ocrx_word' id='word_1_145' title='bbox 935 2182 975 2242; x_wconf 86' lang='lat' dir='ltr'><strong>ab</strong></span> <span class='ocrx_word' id='word_1_146' title='bbox 999 2183 1059 2248; x_wconf 87' lang='lat' dir='ltr'><strong>alio</strong></span> 
     </span>
     <span class='ocr_line' id='line_1_22' title="bbox 61 2256 1058 2364; baseline -0.002 -24"><span class='ocrx_word' id='word_1_147' title='bbox 61 2316 69 2340; x_wconf 71' lang='grc' dir='ltr'>ι</span> <span class='ocrx_word' id='word_1_148' title='bbox 115 2281 271 2364; x_wconf 85' lang='lat' dir='ltr'><strong>quopiam</strong></span> <span class='ocrx_word' id='word_1_149' title='bbox 282 2281 374 2358; x_wconf 85' lang='lat' dir='ltr'><strong>fieta,</strong></span> <span class='ocrx_word' id='word_1_150' title='bbox 396 2256 614 2364; x_wconf 77' lang='lat' dir='ltr'><strong>Pyllaagoram</strong></span> <span class='ocrx_word' id='word_1_151' title='bbox 625 2277 789 2361; x_wconf 86' lang='lat' dir='ltr'><strong>scripsisse</strong></span> <span class='ocrx_word' id='word_1_152' title='bbox 804 2278 972 2357; x_wconf 86' lang='lat' dir='ltr'><strong>libellum,</strong></span> <span class='ocrx_word' id='word_1_153' title='bbox 998 2301 1058 2364; x_wconf 91' lang='lat' dir='ltr'><strong>quo</strong></span> 
     </span>
     <span class='ocr_line' id='line_1_23' title="bbox 113 2371 1058 2461; baseline -0.004 -19"><span class='ocrx_word' id='word_1_154' title='bbox 113 2381 165 2442; x_wconf 80' lang='lat' dir='ltr'><strong>vel</strong></span> <span class='ocrx_word' id='word_1_155' title='bbox 198 2381 242 2458; x_wconf 86' lang='lat' dir='ltr'><strong>ita</strong></span> <span class='ocrx_word' id='word_1_156' title='bbox 278 2378 438 2443; x_wconf 88' lang='lat' dir='ltr'><strong>Elothalis</strong></span> <span class='ocrx_word' id='word_1_157' title='bbox 480 2387 650 2455; x_wconf 83' lang='lat' dir='ltr'><strong>enarrata,</strong></span> <span class='ocrx_word' id='word_1_158' title='bbox 693 2376 746 2439; x_wconf 88' lang='lat' dir='ltr'><strong>vel</strong></span> <span class='ocrx_word' id='word_1_159' title='bbox 783 2371 960 2461; x_wconf 82' lang='lat' dir='ltr'><strong>praecepta·</strong></span> <span class='ocrx_word' id='word_1_160' title='bbox 996 2381 1058 2441; x_wconf 90' lang='lat' dir='ltr'><strong>eius</strong></span> 
     </span>
     <span class='ocr_line' id='line_1_24' title="bbox 20 2467 1056 2565; baseline -0.002 -25"><span class='ocrx_word' id='word_1_161' title='bbox 20 2517 36 2540; x_wconf 80' lang='grc'><strong>..</strong></span> <span class='ocrx_word' id='word_1_162' title='bbox 116 2471 243 2565; x_wconf 74' lang='lat' dir='ltr'><strong>medica</strong></span> <span class='ocrx_word' id='word_1_163' title='bbox 259 2489 374 2541; x_wconf 51' lang='lat' dir='ltr'><strong>¹essent</strong></span> <span class='ocrx_word' id='word_1_164' title='bbox 403 2467 602 2562; x_wconf 61' lang='lat' dir='ltr'><strong>proposita*</strong></span> <span class='ocrx_word' id='word_1_165' title='bbox 630 2479 718 2538; x_wconf 84' lang='lat' dir='ltr'><strong>Mors</strong></span> <span class='ocrx_word' id='word_1_166' title='bbox 749 2476 1056 2554; x_wconf 55' lang='lat' dir='ltr'><strong>autemaElothalis,</strong></span> 
     </span>
     <span class='ocr_line' id='line_1_25' title="bbox 100 2569 1056 2670; baseline -0.004 -30"><span class='ocrx_word' id='word_1_167' title='bbox 100 2569 201 2658; x_wconf 29' lang='lat' dir='ltr'><strong>‘nam&#39;</strong></span> <span class='ocrx_word' id='word_1_168' title='bbox 218 2601 301 2662; x_wconf 85' lang='lat' dir='ltr'><strong>quae</strong></span> <span class='ocrx_word' id='word_1_169' title='bbox 332 2578 396 2640; x_wconf 89' lang='lat' dir='ltr'><strong>alia</strong></span> <span class='ocrx_word' id='word_1_170' title='bbox 417 2577 553 2670; x_wconf 85' lang='lat' dir='ltr'><strong>insuper</strong></span> <span class='ocrx_word' id='word_1_171' title='bbox 578 2577 614 2638; x_wconf 86' lang='lat' dir='ltr'><strong>ei</strong></span> <span class='ocrx_word' id='word_1_172' title='bbox 639 2597 701 2660; x_wconf 88' lang='lat' dir='ltr'><strong>per</strong></span> <span class='ocrx_word' id='word_1_173' title='bbox 722 2578 820 2638; x_wconf 84' lang='lat' dir='ltr'><strong>vitam</strong></span> <span class='ocrx_word' id='word_1_174' title='bbox 842 2577 1056 2660; x_wconf 80' lang='lat' dir='ltr'><strong>contigerint,</strong></span> 
     </span>
     <span class='ocr_line' id='line_1_26' title="bbox 111 2659 1057 2762; baseline -0.005 -21"><span class='ocrx_word' id='word_1_175' title='bbox 111 2659 245 2762; x_wconf 81' lang='lat' dir='ltr'><strong>prorsus</strong></span> <span class='ocrx_word' id='word_1_176' title='bbox 277 2679 455 2756; x_wconf 81' lang='lat' dir='ltr'><strong>nescimus,</strong></span> <span class='ocrx_word' id='word_1_177' title='bbox 483 2697 575 2740; x_wconf 46' lang='lat' dir='ltr'><strong>,mors</strong></span> <span class='ocrx_word' id='word_1_178' title='bbox 601 2678 690 2756; x_wconf 83' lang='lat' dir='ltr'><strong>eiua,</strong></span> <span class='ocrx_word' id='word_1_179' title='bbox 724 2679 875 2760; x_wconf 88' lang='lat' dir='ltr'><strong>inquam,</strong></span> <span class='ocrx_word' id='word_1_180' title='bbox 903 2677 1057 2759; x_wconf 88' lang='lat' dir='ltr'><strong>ponenda</strong></span> 
     </span>
     <span class='ocr_line' id='line_1_27' title="bbox 111 2769 1058 2861; baseline -0.005 -20"><span class='ocrx_word' id='word_1_181' title='bbox 111 2789 159 2842; x_wconf 88' lang='lat' dir='ltr'><strong>est</strong></span> <span class='ocrx_word' id='word_1_182' title='bbox 176 2801 316 2856; x_wconf 88' lang='lat' dir='ltr'><strong>annum,</strong></span> <span class='ocrx_word' id='word_1_183' title='bbox 341 2798 406 2861; x_wconf 89' lang='lat' dir='ltr'><strong>quo</strong></span> <span class='ocrx_word' id='word_1_184' title='bbox 421 2777 465 2838; x_wconf 83' lang='grc' dir='ltr'>Ιιι</span> <span class='ocrx_word' id='word_1_185' title='bbox 485 2776 630 2838; x_wconf 88' lang='lat' dir='ltr'><strong>Siciliam</strong></span> <span class='ocrx_word' id='word_1_186' title='bbox 652 2777 798 2853; x_wconf 88' lang='lat' dir='ltr'><strong>advenit,</strong></span> <span class='ocrx_word' id='word_1_187' title='bbox 831 2769 920 2836; x_wconf 91' lang='lat' dir='ltr'><strong>inter</strong></span> <span class='ocrx_word' id='word_1_188' title='bbox 942 2785 980 2836; x_wconf 93' lang='lat' dir='ltr'><strong>et</strong></span> <span class='ocrx_word' id='word_1_189' title='bbox 998 2777 1058 2860; x_wconf 88' lang='lat' dir='ltr'><strong>Py-</strong></span> 
     </span>
     <span class='ocr_line' id='line_1_28' title="bbox 111 2869 1052 2964; baseline -0.006 -24"><span class='ocrx_word' id='word_1_190' title='bbox 111 2879 264 2964; x_wconf 76' lang='lat' dir='ltr'><strong>diagorae</strong></span> <span class='ocrx_word' id='word_1_191' title='bbox 287 2887 445 2956; x_wconf 87' lang='lat' dir='ltr'><strong>morem,</strong></span> <span class='ocrx_word' id='word_1_192' title='bbox 468 2879 528 2938; x_wconf 86' lang='lat' dir='ltr'><strong>i..e</strong></span> <span class='ocrx_word' id='word_1_193' title='bbox 553 2877 604 2944; x_wconf 90' lang='lat' dir='ltr'><strong>Ol.</strong></span> <span class='ocrx_word' id='word_1_194' title='bbox 626 2879 692 2937; x_wconf 89' lang='lat' dir='ltr'><strong>LX.</strong></span> <span class='ocrx_word' id='word_1_195' title='bbox 708 2886 749 2938; x_wconf 89' lang='lat' dir='ltr'><strong>et</strong></span> <span class='ocrx_word' id='word_1_196' title='bbox 771 2877 822 2938; x_wconf 92' lang='lat' dir='ltr'><strong>Ol</strong></span> <span class='ocrx_word' id='word_1_197' title='bbox 844 2869 1052 2938; x_wconf 86' lang='lat' dir='ltr'><strong>LXVlll.Cl</strong></span> 
     </span>
     <span class='ocr_line' id='line_1_29' title="bbox 77 2945 1058 3062; baseline -0.005 -21"><span class='ocrx_word' id='word_1_198' title='bbox 77 2995 80 2998; x_wconf 89' lang='grc'><strong>’</strong></span> <span class='ocrx_word' id='word_1_199' title='bbox 109 2979 257 3062; x_wconf 83' lang='lat' dir='ltr'><strong>Bentley</strong></span> <span class='ocrx_word' id='word_1_200' title='bbox 287 2999 398 3059; x_wconf 87' lang='lat' dir='ltr'><strong>opusc.</strong></span> <span class='ocrx_word' id='word_1_201' title='bbox 410 2999 452 3059; x_wconf 89' lang='lat' dir='ltr'><strong>p.</strong></span> <span class='ocrx_word' id='word_1_202' title='bbox 470 2977 544 3062; x_wconf 82' lang='lat'><strong>176.</strong></span> <span class='ocrx_word' id='word_1_203' title='bbox 581 2945 680 3038; x_wconf 88' lang='lat' dir='ltr'><strong>Nam</strong></span> <span class='ocrx_word' id='word_1_204' title='bbox 687 2973 776 3036; x_wconf 81' lang='lat' dir='ltr'><strong>certe</strong></span> <span class='ocrx_word' id='word_1_205' title='bbox 799 2982 874 3036; x_wconf 81' lang='lat' dir='ltr'><strong>ante</strong></span> <span class='ocrx_word' id='word_1_206' title='bbox 895 2975 1058 3059; x_wconf 84' lang='lat' dir='ltr'><strong>Pythago-</strong></span> 
     </span>
     <span class='ocr_line' id='line_1_30' title="bbox 93 3072 1057 3156; baseline -0.008 -16"><span class='ocrx_word' id='word_1_207' title='bbox 93 3085 181 3140; x_wconf 84' lang='lat' dir='ltr'><strong>ram</strong></span> <span class='ocrx_word' id='word_1_208' title='bbox 209 3085 357 3138; x_wconf 88' lang='lat' dir='ltr'><strong>mortuus</strong></span> <span class='ocrx_word' id='word_1_209' title='bbox 389 3085 436 3136; x_wconf 89' lang='lat' dir='ltr'><strong>est</strong></span> <span class='ocrx_word' id='word_1_210' title='bbox 461 3072 646 3136; x_wconf 87' lang='lat' dir='ltr'><strong>Elothales:</strong></span> <span class='ocrx_word' id='word_1_211' title='bbox 678 3073 827 3156; x_wconf 89' lang='lat' dir='ltr'><strong>alioquin</strong></span> <span class='ocrx_word' id='word_1_212' title='bbox 861 3093 929 3136; x_wconf 89' lang='lat' dir='ltr'><strong>nou</strong></span> <span class='ocrx_word' id='word_1_213' title='bbox 959 3074 1057 3136; x_wconf 85' lang='lat' dir='ltr'><strong>facile</strong></span> 
     </span>
     <span class='ocr_line' id='line_1_31' title="bbox 93 3161 1059 3260; baseline -0.01 -19"><span class='ocrx_word' id='word_1_214' title='bbox 93 3179 283 3260; x_wconf 52' lang='lat' dir='ltr'><strong>,quisquam</strong></span> <span class='ocrx_word' id='word_1_215' title='bbox 312 3174 485 3252; x_wconf 85' lang='lat' dir='ltr'><strong>extitisset,</strong></span> <span class='ocrx_word' id='word_1_216' title='bbox 516 3195 574 3256; x_wconf 81' lang='lat' dir='ltr'><strong>qni</strong></span> <span class='ocrx_word' id='word_1_217' title='bbox 565 3172 832 3258; x_wconf 63' lang='lat' dir='ltr'><strong>’Pythagoram&#39;</strong></span> <span class='ocrx_word' id='word_1_218' title='bbox 843 3161 1059 3236; x_wconf 78' lang='lat' dir='ltr'><strong>de‘Elothale</strong></span> 
     </span>
     <span class='ocr_line' id='line_1_32' title="bbox 110 3273 761 3356; baseline -0.012 -17"><span class='ocrx_word' id='word_1_219' title='bbox 110 3275 259 3339; x_wconf 86' lang='lat' dir='ltr'><strong>libellum</strong></span> <span class='ocrx_word' id='word_1_220' title='bbox 280 3273 523 3356; x_wconf 83' lang='lat' dir='ltr'><strong>conscripsisse</strong></span> <span class='ocrx_word' id='word_1_221' title='bbox 520 3273 680 3354; x_wconf 77' lang='lat' dir='ltr'><strong>lingeret.</strong></span> <span class='ocrx_word' id='word_1_222' title='bbox 759 3341 761 3346; x_wconf 68' lang='lat'><strong>,</strong></span> 
     </span>
     <span class='ocr_line' id='line_1_33' title="bbox 72 3371 1062 3458; baseline -0.005 -21"><span class='ocrx_word' id='word_1_223' title='bbox 72 3401 77 3414; x_wconf 75' lang='lat'><strong><em>‘</em></strong></span> <span class='ocrx_word' id='word_1_224' title='bbox 113 3374 392 3458; x_wconf 86' lang='lat' dir='ltr'><strong>Epicharmus</strong></span> <span class='ocrx_word' id='word_1_225' title='bbox 408 3393 559 3456; x_wconf 87' lang='lat' dir='ltr'><strong>qnoque</strong></span> <span class='ocrx_word' id='word_1_226' title='bbox 570 3373 685 3454; x_wconf 88' lang='lat' dir='ltr'><strong>patris</strong></span> <span class='ocrx_word' id='word_1_227' title='bbox 694 3379 727 3432; x_wconf 88' lang='lat' dir='ltr'><strong>et</strong></span> <span class='ocrx_word' id='word_1_228' title='bbox 747 3372 886 3434; x_wconf 84' lang='lat' dir='ltr'><strong>fratrum</strong></span> <span class='ocrx_word' id='word_1_229' title='bbox 912 3371 1062 3456; x_wconf 82' lang='lat' dir='ltr'><strong>exempla</strong></span> 
     </span>
     <span class='ocr_line' id='line_1_34' title="bbox 101 3470 1061 3564; baseline -0.002 -28"><span class='ocrx_word' id='word_1_230' title='bbox 101 3483 267 3564; x_wconf 78' lang='lat' dir='ltr'><strong>sequutus</strong></span> <span class='ocrx_word' id='word_1_231' title='bbox 289 3473 352 3534; x_wconf 84' lang='lat' dir='ltr'><strong>arti</strong></span> <span class='ocrx_word' id='word_1_232' title='bbox 362 3471 527 3536; x_wconf 76' lang='lat' dir='ltr'><strong>‚medicae</strong></span> <span class='ocrx_word' id='word_1_233' title='bbox 547 3485 682 3556; x_wconf 84' lang='lat' dir='ltr'><strong>operam</strong></span> <span class='ocrx_word' id='word_1_234' title='bbox 705 3471 782 3536; x_wconf 85' lang='lat' dir='ltr'><strong>dare</strong></span> <span class='ocrx_word' id='word_1_235' title='bbox 805 3470 962 3556; x_wconf 83' lang='lat' dir='ltr'><strong>incoepit.</strong></span> <span class='ocrx_word' id='word_1_236' title='bbox 1005 3476 1061 3546; x_wconf 77' lang='lat' dir='ltr'><strong>At·</strong></span> 
     </span>
    </p>
   </div>
   <div class='ocr_carea' id='block_1_4' title="bbox 0 0 1110 3798">
    <p class='ocr_par' dir='ltr' id='par_1_4' title="bbox 0 0 1110 3798">
     <span class='ocr_line' id='line_1_35' title="bbox 0 0 1110 3798; baseline 0 2"><span class='ocrx_word' id='word_1_237' title='bbox 0 0 1110 3798; x_wconf 95' lang='lat' dir='ltr'><strong> </strong></span> 
     </span>
    </p>
   </div>
  </div>
 </body>
</html>
