2266 3802
484 1 628 144 a

79 217 124 286 ila
146 213 458 308 interrumpebant,
492 232 529 283 ut
560 223 631 283 sino
613 220 716 308 guli'
709 219 870 281 mvicem
876 239 916 281 se
947 214 1041 284 'cxci-

75 324 207 407 pientes
230 321 506 384 delectamentum
527 321 654 382 aliud
631 340 697 382 sive
713 319 930 382 interludium
952 317 1040 379 cho-'

79 421 189 484 reutis
205 421 341 506 aliisque
363 419 603 504 spectatoribus
624 393 865 514 proponerent.
899 420 946 498 Ila
963 418 1037 480 lore

79 519 273 583 comoediae
297 519 460 604 originem
486 519 720 614 interpretatus
749 519 825 580 est
818 541 882 578 ram
904 538 933 590 e
931 526 1041 596 vete

77 615 170 686 ribus
182 620 299 702 aliquis
307 666 316 698 ‚
339 615 561 704 Euanthius
535 641 603 682 sive
614 618 762 702 quisquis
776 605 917 682 demum
919 627 1040 680 auctor

19 740 26 750 ’
62 722 128 782 ἰιι
148 719 255 780 libelli
277 717 317 780 de
339 727 419 803 trag
443 723 476 780 et
492 706 648 780 comoed
663 735 739 802 pm
782 719 895 800 Neque
918 717 1038 778 desunt

78 819 179 882 inter
188 814 408 914 recentiores,
438 816 499 902 qui
520 818 660 880 eandem
681 817 879 900 senteutiam
901 818 1039 880 coniec-

19 983 20 990 χ
77 919 162 981 turis
186 919 255 980 suis
285 919 349 980 sint
375 919 524 986 assecuti
570 915 659 979 uf.
651 917 802 1006 rnprirnis
830 913 965 1008 Vossius
996 918 1037 980 ad

77 1009 193 1102 Virgil.
208 1020 326 1102 Georg.
343 1037 375 1102 p.
389 1017 459 1096 dor.
480 1011 860 1100 TbierscbiusadPind.
879 1013 924 1080 Ι.
910 1040 953 1102 p.
962 1020 1037 1096 ι4ι.

77 1117 294 1182 Welkerus
285 1141 320 1178 ιιι
343 1113 442 1179 addit.
470 1134 503 1202 p.
527 1117 613 1197 23o.-‚
635 1121 706 1180 231.
750 1093 814 1199 Sed
838 1117 941 1200 qualis
964 1126 1039 1178 tan-

80 1217 156 1282 dem
190 1225 261 1282 erat
293 1210 350 1277 illa
383 1211 578 1302 comoediae
616 1203 705 1310 ἆρχῆ
738 1207 1040 1300 parangariam,

78 1319 151 1380 sive
176 1309 436 1379 interludiorum
459 1316 563 1394 ratio,
595 1307 714 1400 quibus
743 1315 841 1406 vulgo
871 1315 1037 1400 phallico-

75 1395 154 1482 'rum
174 1411 407 1480 recitationem
433 1415 504 1478 uel
503 1409 788 1495 exordiebantur,
820 1417 872 1479 vel
895 1412 1040 1499 ex'cipie-

13 1565 18 1576 .
75 1507 176 1580 baut?
204 1507 256 1578 Ad
269 1507 354 1578 banc
367 1533 439 1578 rem
452 1511 542 1576 illust
544 1511 681 1597 'randum
694 1532 737 1576 ne
748 1509 888 1576 verbum
902 1515 1040 1599 quidem

77 1610 234 1701 'apposuit
254 1611 455 1696 Aristoteles
469 1593 624 1693 fortasse,
646 1616 725 1698 quia
737 1615 853 1698 priscis
874 1617 1039 1698 'tempori-

77 1717 140 1780 bus
162 1703 344 1778 interludia
365 1709 422 1778 illa
442 1709 581 1778 ¹diversis
594 1703 685 1777 'locis
714 1716 784 1798 ipsa
809 1724 906 1776 erant
927 1716 1041 1778 diver-

39 1839 41 1842 *
78 1818 211 1880 sissima.
254 1815 321 1894 'Sed
345 1830 423 1879 'oum
451 1813 588 1878 omnino
617 1834 658 1878 ‘ea
684 1809 730 1898 ita
759 1820 947 1898 comparata
970 1836 1038 1878 esse

80 1911 260 2002 deberent,
289 1920 329 1978 u't
346 1911 623 2002 mugisminusre
638 1913 681 1981 ad
702 1914 848 1978 rationes
870 1917 1038 1978 scaenicas

80 2017 296 2112 accederent:
330 2017 441 2100 qualia
470 2014 526 2079 illa
552 2017 694 2094 fuerint,
722 2017 919 2098 coniectura
940 2017 1039 2105 facile

80 2109 210 2200 assequi
236 2113 324 2178 licet.
367 2115 472 2177 Erant
458 2112 603 2200 tigitur
631 2111 685 2178 vel
711 2115 902 2199 saltationes
930 2115 1040 2178 mimi-

81 2240 154 2298 cae,
184 2216 234 2278 uti
242 2205 345 2302 apud
363 2211 647 2290 Lacedaemonios
674 2218 709 2276 el
731 2214 878 2300 Siculos,
905 2215 958 2277 vel
979 2223 1040 2298 pe-

80 2315 222 2378 tulantia
244 2314 402 2402 dicteria,
432 2315 543 2398 qualia
564 2303 826 2398 Sicyoniorum,
847 2313 901 2374 vel
924 2337 1041 2376 narra·
1048 2306 1050 2313 ¹

82 2409 252 2476 tiunculae
283 2413 461 2491 ioculares,
492 2413 609 2527 quales.
625 2401 831 2526 Megarenses
854 2412 1039 2474 exhibuisse

43 2503 44 2506 Ἴ
81 2513 248 2594 videntur.
297 2513 344 2576 Ut
372 2502 481 2575 verbis
513 2509 736 2596 paucissimis
735 2507 888 2590 dicam,
887 2509 970 2572 illa
982 2534 1042 2572 co-

83 2614 234 2679 moediae
257 2613 439 2698 primordia
466 2622 561 2676 erant
581 2614 684 2675 varia
681 2611 874 2678 interludia
902 2612 1042 2692 initioa

85 2709 235 2800 singulis,
265 2721 381 2798 postea
402 2735 422 2774 a
446 2711 600 2810 pluribus
629 2709 822 2773 ludionibus
845 2729 1043 2794 repraesen-

83 2823 160 2876 tata.
685 2820 688 2834 ’
824 2869 832 2883 ,

145 2912 248 2990 Quae
278 2911 388 2998 omniu
424 2920 462 2974 nt
485 2911 624 2974 ·facilius
660 2911 747 2976 inter
783 2932 818 2972 se
854 2909 1044 2992 comparari

87 3019 224 3096 queant,
248 3033 347 3094 supra
369 3013 534 3096 copiosius
557 3011 719 3096 disputata
742 3033 831 3094 nunc
854 3010 1045 3080 adbrevis-

66 3111 208 3179 simum
237 3115 452 3191 ‘conspectum
475 3109 644 3172 'revocare
675 3112 773 3170 iuvat.
823 3111 954 3191 Itaque,
986 3113 1046 3192 qui

87 3207 176 3292 apud
206 3205 380 3292 Sicyonios
416 3217 505 3287 erat,
545 3207 895 3300 phallopbororum
874 3208 968 3268 ludus
999 3209 1047 3271 ita

87 3307 203 3390 fiebat,
226 3319 264 3372 ut
284 3311 433 3374 versibus
451 3311 602 3396 phallicis
621 3311 799 3390 decantatis
814 3287 932 3394 singuli
950 3310 1049 3394 pbal-

87 3409 228 3511 lophori
250 3407 390 3489 dicteria
412 3411 640 3490 effunderent,¹
664 3431 748 3536 quae
770 3430 880 3494 neque
894 3399 991 3473 inter
1013 3431 1049 3474 se
