2266 3802
408 105 568 176 ¹·59

470 191 613 216 ..ι-...-

17 331 21 340 ·
68 299 205 379 pompas
228 283 465 356 itain'stituere
488 296 611 373 solent,
634 302 671 354 ut
690 283 748 356 eae
763 291 1018 357 Bacchanalium

67 393 192 477 potius,
234 414 330 476 quam
362 416 471 456 sacrae
496 395 639 455 'actionis
672 393 834 470 indolem,
872 415 960 476 prae
983 411 1018 452 sc

66 494 158 554 ferre
188 495 370 554 videantur.
412 491 474 556 Eas
504 496 610 570 enim,
644 487 702 575 qui
728 495 916 566 celebrant,
950 511 1017 550 non

66 593 168 653 ruodo
192 593 232 654 ad
250 579 406 669 summam
427 595 623 656 hilaritatem
646 605 679 655 et
700 595 782 674 adeo
803 591 1019 675 petulantiam
1098 607 1099 616 ¹

18 737 19 740 ι
67 715 271 780 componere
295 707 552 756 consueverunt:
586 680 702 757 verum
724 697 821 782 ctiam
843 693 1018 776 primarias

67 816 181 856 earum
210 804 318 876 partes
346 799 403 856 obt
391 797 498 858 tinent
523 797 630 858 adhuc
652 797 787 857 mimica
809 767 868 855 illa
890 803 1019 876 specta-

66 894 170 969 cula,
180 895 297 976 quibus
321 887 455 956 fabulae
472 919 489 957 e
512 893 644 956 libris
627 897 724 956 sacris
747 897 800 956 vel
827 895 895 954 vita
923 905 1017 953 sanc'-

63 1001 178 1052 torum
202 995 360 1074 repetitae
381 994 482 1076 ,modo
505 997 578 1054 satis
600 994 744 1054 ridiculo
768 1002 1013 1077 proponuntur.

17 1137 19 1144 .
65 1091 114 1152 Cf.
149 1091 266 1169 Houel.
295 1094 388 1152 Reise
425 1093 531 1154 d'urcb
568 1093 742 1153 Calabrica
779 1092 850 1151 und
880 1091 1015 1150 Sicilieu
1096 1101 1116 1111 ”

18 1201 19 1206 ¹
64 1213 174 1274 comp.
190 1185 234 1268 ij,
259 1185 451 1280 cepa-..uus
474 1195 570 1266 neae,
592 1183 699 1253 aurat
715 1177 798 1252 ιιιι.
817 1190 901 1250 iuna
917 1191 1014 1250 sun

63 1299 87 1350 t.
110 1291 147 1350 Il.
170 1311 201 1370 p.
226 1313 252 1372 7.
274 1285 394 1368 ‘Quod
417 1299 524 1352 autent
545 1293 677 1352 Bartels
692 1275 849 1352 rusticum
871 1289 1040 1374 aliquem'

17 1423 19 1430 ⁴
65 1395 305 1449 commemorat
327 1391 415 1451 lestis
439 1392 633 1474 quibusdam
656 1391 769 1451 diebus
792 1393 884 1451 asino
908 1389 1017 1471 impo-

63 1489 181 1566 situm,
204 1497 237 1549 et
258 1513 275 1549 a
297 1493 392 1551 turba
412 1491 628 1572 petulantium
643 1491 893 1552 comissatorunu
912 1492 1017 1553 comi

64 1591 170 1655 latum
192 1591 369 1652 cantilenas
391 1593 532 1652 comicus
555 1591 750 1652 decantare.
775 1591 810 1652 id
831 1592 935 1654 invito
952 1591 1014 1676 tibi

65 1691 100 1750 iu
124 1699 268 1751 mentem
291 1675 424 1754 revocat
440 1694 575 1770 ebrium
597 1687 897 1757 illumVulcanum
919 1701 953 1752 ct
967 1691 1019 1752 si'-

64 1789 196 1868 lenum,
221 1793 277 1872 qui
300 1791 483 1878 saepissime
507 1791 539 1849 in
562 1788 670 1872 prisca
692 1790 880 1852 Siculorum
898 1813 1032 1857 scaena:

65 1888 317 1976 exhibebantur.
342 1891 388 1950 Cf.
410 1889 534 1952 Bartcls
562 1891 692 1951 Reisen
710 1887 817 1951 durch
847 1890 913 1950 Cal
946 1892 1016 2006 und

17 2005 18 2008 ’
65 1989 383 2072 Sicil.t0m.111.p.
411 2013 475 2073 192.
553 1991 558 1998 '

126 2069 304 2148 Ludioues
314 2097 422 2148 autem
445 2089 509 2166 illi,
527 2093 581 2173 qui
596 2115 611 2152 a
624 2095 809 2155 Laconibus
827 2093 1016 2175 διικηλιςαί,

17 2207 43 2270 'q
64 2188 107 2248 ab.
127 2187 196 2248 aliis
219 2187 283 2248 allo
308 2190 440 2249 nomine
466 2190 663 2250 dicebantur
681 2203 724 2240 '-
755 2194 1014 2256 Gnathonum

63 2287 119 2348 llb.·
142 2288 226 2350 XIV.
250 2311 280 2371 p.
304 2289 372 2352 621.
393 2291 417 2348 f.
440 2313 520 2350 -a
544 2291 724 2375 Syracusiis
747 2286 890 2375 ὄρχηςαί
911 2277 1017 2355 deno-

62 2386 179 2446 minati
211 2409 278 2476 esse
308 2389 473 2452 videntur.
528 2393 873 2470 Quorum'nouuulli
910 2401 1015 2454 artem

63 2503 153 2551 suam
177 2497 242 2546 nou
267 2496 393 2550 tantum
419 2488 666 2572 opportunitate
697 2478 809 2572 aliqua
830 2493 939 2553 oblata
962 2515 1017 2553 cx·
1041 2535 1046 2562 ι

61 2586 238 2664 bibebant,
264 2611 375 2650 verum
398 2587 609 2652 continenter
626 2593 877 2678 profitebantur.
901 2596 1013 2678 Itaque

62 2709 129 2748 non
155 2689 388 2775 deerant,pqui
412 2713 448 2753 ex
471 2693 558 2778 urbe
577 2694 608 2753 in
624 2695 739 2753 urbem
755 2695 953 2778 migrarent,
977 2705 1015 2754 ut
1092 2738 1098 2750 .

61 2783 150 2847 ntinc
185 2787 325 2847 deorum
358 2808 493 2870 pompas
527 2790 661 2862 ludicris
693 2792 758 2850 'suis
791 2804 1012 2870 exornarent,

61 2904 150 2945 nunc
174 2894 310 2972 argento
334 2887 489 2948 conducti
512 2889 544 2946 iu
569 2877 725 2948 conuiuiis
749 2891 921 2971 epulantes
955 2891 1014 2953 de·
1067 2921 1071 2944 ι

58 2985 230 3048 lectarent
264 2987 328 3064 Qui
352 2987 391 3047 ab
414 2987 481 3047 istis
505 2987 689 3048 edebantur
712 2989 791 3065 ludi,
807 2989 848 3049 ad
871 2989 937 3049 duo
959 3013 1016 3074 ge.

58 3073 138 3149 nera
159 3087 311 3148 revocari
333 3085 477 3168 possunt.
522 3090 586 3148 Aut
609 3089 698 3148 enim
720 3110 777 3148 eae
798 3098 893 3148 erant
914 3111 1013 3152 verae
1050 3097 1052 3102 '

57 3187 247 3252 saltationes
280 3195 421 3268 caeq'uc
435 3197 674 3268 saepenumero
708 3190 904 3250 artificiosae
937 3213 1016 3273 pcr-

58 3311 159 3370 quam
192 3295 225 3348 et
252 3288 456 3368 periculosae
486 3289 635 3367 aliave
627 3311 660 3348 ιιι
700 3289 851 3371 corporis
883 3293 1015 3354 actione

56 3389 165 3470 posita
188 3387 340 3464 altificia,
366 3388 565 3474 quaersimul
584 3389 690 3448 omnia
706 3383 864 3466 θαύματα
880 3377 920 3449 ab
937 3391 1015 3469 istis,
1050 3412 1057 3433 ⁸

58 3489 183 3572 quique
198 3486 401 3572 caedebant
421 3490 699 3572 &nvpuutpvpyss‘v
716 3487 936 3568 dicebantur:
959 3501 1014 3553 aut
1057 3479 1062 3486 ’

905 3641 910 3652 ·
1004 3611 1116 3738 1
