2210 3798
384 79 585 192 ..Q

26 272 83 352 τὴν
106 255 291 355 κωμῳδῶν.
322 271 520 352 -Quomodo
554 275 669 335 autent
700 269 821 342 factoris
850 269 908 346 sit,
940 267 977 331 nt

25 372 239 454 Epicharmus
260 374 374 435 Crasto
396 371 543 457 Megara,
575 381 610 434 et
639 365 719 450 inde
743 379 859 454 postea,
879 369 978 453 syras,

27 491 111 532 cusas
133 473 344 556 pervenerit:
368 471 409 536 de
431 495 469 534 ea
489 493 527 534 re
551 469 658 556 nequ'e
680 469 848 537 Nesnthes
867 489 979 552 neque

30 569 140 632 Suidos
171 591 215 632 ne
237 569 393 658 syllabam
425 571 559 656 quidem
588 569 823 658 apposuerunt.
864 571 980 652 Neque

28 670 118 734 rideo
142 670 319 754 equidem,
342 693 406 756 qua
428 673 557 760 ratione
582 693 619 734 ex
636 670 827 757 Epicharmi
849 667 978 752 origine
1081 685 1085 704 ι

28 771 171 833 crastum
192 773 391 856 transpositu
413 793 450 836 ea
472 771 569 834 facile
592 771 711 860 deduci
730 771 873 854 possint,
893 789 976 852 quae

29 869 361 948 aliorumauctorum
383 871 424 936 de
444 879 545 956 poeta
567 871 625 936 iilo
649 878 759 936 extant
779 870 976 934 testimonia.

31 971 128 1057 Quale
152 981 222 1057 est,
246 972 334 1056 quod
355 970 571 1056 Epicharmus
595 973 664 1058 ipse
687 981 721 1034 ot
740 971 898 1055 plurimi,
921 970 980 1053 qui
1055 1017 1058 1032 .

31 1071 66 1131 ad
95 1075 165 1136 eius
199 1073 359 1135 familiam
385 1073 616 1156 pertinebant,
646 1073 707 1133 arti
730 1073 876 1136 medicae
899 1091 981 1154 ope-

33 1192 97 1233 ram
126 1167 256 1236 dedisse
283 1173 447 1236 videntur.
490 1174 614 1235 Contra
636 1173 793 1256 Diogenis
815 1172 916 1241 verba
938 1170 980 1232 ad

30 1289 125 1332 unum
146 1271 259 1334 omnia
279 1293 355 1333 cum
377 1272 506 1334 indiciis
529 1271 725 1356 quibusdam
752 1291 788 1332 ex
812 1271 880 1354 ipsa
903 1270 979 1342 ilioss

30 1388 98 1428 ιιιιιι
116 1372 308 1458 temporum
328 1369 468 1462 historia
487 1369 639 1454 petendis
662 1371 706 1431 ita
724 1370 880 1452 componi
903 1391 980 1450 pos-

31 1477 113 1548 sunt,
152 1479 207 1550 nt,
245 1490 329 1553 qnae
362 1470 403 1534 de
435 1471 540 1532 insuia
573 1471 639 1548 Co,
671 1470 730 1532 ubi
761 1469 978 1552 Epicharmus

31 1577 132 1648 natus,
166 1580 201 1634 at
223 1571 273 1642 de
289 1570 418 1654 reliqua
440 1572 509 1632 eius
530 1569 597 1632 vita
621 1578 814 1648 narrantur,
838 1569 976 1632 orisnino
1008 1571 1011 1578 ’

33 1679 219 1752 congruant.
267 1669 404 1736 Accedit
431 1671 529 1734 etiarn
561 1669 613 1748 id,
645 1667 735 1754 quod
769 1669 847 1731 inde
876 1669 977 1730 multu

33 1766 155 1854 chatiis
178 1769 221 1834 de
243 1769 445 1854 Epicharmo
472 1769 559 1838 dicta
580 1770 701 1832 affatim
724 1771 881 1832 illustrari
903 1791 980 1852 pos-

34 1857 125 1946 sunt,
152 1871 246 1950 Quae
280 1891 355 1932 cum
384 1869 427 1930 ita
455 1868 533 1944 sint,
564 1869 636 1952 quis
669 1869 792 1930 diutius
816 1868 981 1933 dubitabit

34 1965 202 2047 repudiare
233 1969 322 2032 istud
342 1970 497 2033 Neanthis
520 1969 680 2030 indicium
710 1970 980 2052 prorsus-singu-

34 2060 93 2128 lare
115 2089 225 2152 ncque
248 2091 322 2132 curn
344 2069 414 2142 aliis
436 2069 533 2130 facite
549 2067 836 2152 coniungendurn?
871 2070 980 2153 Quae

35 2161 137 2228 siverit
158 2177 277 2232 autern
291 2165 426 2262 aliquis,
450 2165 538 2228 unde
562 2167 695 2230 demum
716 2168 836 2228 factum
859 2168 915 2238 sit,
944 2176 980 2227 ut

34 2260 183 2329 Neanthes
211 2273 245 2328 et
273 2266 331 2350 qui
352 2273 427 2350 post
457 2287 534 2327 euin
557 2265 656 2348 ipsius
679 2266 791 2332 rerſtrba
806 2267 979 2347 repetivit,

38 2355 178 2430 Suidas'
169 2389 204 2428 ιιι
228 2367 353 2450 oppido
376 2369 489 2428 Crasso
512 2363 748 2450 Epicharmnm
776 2387 842 2428 esse
867 2372 979 2428 natum

38 2457 188 2526 dixerint?
229 2467 280 2528 De
303 2488 341 2528 ea
363 2489 416 2542 re,
449 2467 514 2527 sire
543 2484 656 2526 reram
684 2487 755 2534 eain
783 2466 878 2543 dixit,
911 2467 989 2533 sive·

39 2555 117 2622 finxit
140 2563 319 2642 Neanthcs,
349 2571 484 2648 praeter
505 2563 756 2634 Welherianarn
779 2565 992 2652 innitiforiae'¹

39 2653 162 2743 insuper
189 2665 401 2736 coniecturae
424 2664 609 2748 'excogitari
637 2671 794 2746 possunt:
824 2665 881 2726 sed
903 2688 977 2730 cuin

40 2751 113 2822 iusto.
133 2763 289 2834 breviora
319 2763 385 2826 sint
406 2772 556 2840 veterum
583 2763 799 2840 testimonia,
816 2763 857 2830 ad
880 2764 978 2846 liquis
1003 2815 1008 2823 i
1050 2817 1051 2820 ,

41 2849 107 2920 dum
132 2881 170 2924 en
196 2861 336 2948 perduci
366 2863 491 2949 nequit
532 2863 619 2928 Neve
649 2863 731 2924 mihi
763 2862 889 2944 aliquis
903 2865 978 2930 curu

41 2952 161 3034 Fiscello
184 2964 322 3050 aliisque
344 2963 454 3044 dicat,
481 2963 635 3028 facillime
658 2953 833 3034 ιἰιιιοῑιιιιι
825 2965 866 3032 iri
889 2962 978 3030 ittam

42 3051 277 3144 difficultatem,
313 3087 389 3135 curn
431 3064 511 3128 duos
554 3064 787 3157 Epicharmos,
833 3087 977 3148 qnorum

41 3144 188 3226 Crastinus
204 3165 304 3243 aiter,
327 3165 524 3242 alterCous,
550 3160 648 3226 fuisse
667 3166 827 3234 statueris..
859 3166 979 3228 Huius-

42 3259 121 3328 modi
141 3264 228 3336 eninr
249 3267 431 3339 sententiae
456 3265 690 3349 ipsiusSuidoe
712 3273 809 3348 atque
824 3265 977 3334 Neonthis
1008 3267 1011 3274 ’
1078 3343 1081 3348 ι

42 3356 129 3433 rerba
149 3363 349 3448 repagriant,
373 3386 456 3450 quae
479 3365 520 3434 ad
544 3387 646 3426 ιιιιιιιιι
669 3364 763 3440 illurn
784 3364 974 3438 comoediae
1066 3368 1071 3376 ’

42 3463 157 3538 Ροιιιιιι
178 3466 346 3562 pertinere
369 3464 433 3540 iarn
455 3485 555 3562 supra
576 3462 718 3536 sistendi.¹
