2210 3792
100 263 164 359 ipsi
185 262 385 348 desponderi
406 267 535 350 patitur.
579 269 625 328 lta
647 257 729 330 liunt
745 268 905 350 nuptiae„
931 267 1054 350 Magni-

102 364 201 425 ficum
222 375 398 450 apparatur
419 369 624 447 convivium,
649 367 745 452 quale
763 370 795 428 in
817 369 953 428 historia
976 367 1055 428 deo-

66 514 70 520 ,
98 483 176 554 ιιιιιι
198 487 264 525 ιιοιι
287 467 425 528 alterum
446 467 620 548 postmodo
639 469 751 532 extitit.
792 469 827 528 ln
850 487 917 550 quo
941 469 1056 528 eximia

105 569 156 621 est
176 561 316 626 deorum
336 550 515 648 voracitas3
537 576 627 628 tanta
641 563 902 628 enim'ciborum'
915 575 948 626 et
959 565 1056 628 mari-

103 679 156 721 me
178 664 317 744 piscium
338 666 517 748 apponitur
539 667 651 748 copia,
675 675 713 752 ut
733 667 803 748 plus
826 665 970 726 ducenta
993 665 1056 725 fer-

103 761 179 823 cula
194 763 232 848 sin
254 763 486 850 fragmentulis
510 768 550 828 ub
574 768 743 838 Athenaeo
766 767 868 853 allatis
891 765 1054 848 descripta

104 863 284 924 etiamnum
314 861 527 948 reperiamus.
579 865 706 946 Verum
741 875 774 928 et
813 875 940 944 cetera,
976 887 1053 950 qaae
1094 875 1096 940 j

104 959 178 1021 fieri
217 962 340 1051 solent,
377 965 617 1026 oblectamenta
644 965 798 1038 adsunt3-
821 985 930 1047 neque
974 965 1056 1024 inter
1095 953 1096 984 ¹

99 1057 240 1144 Olympi
263 1061 387 1124 incolas
409 1052 776 1147 reperiturquisquam,
800 1085 856 1146 qm
847 1065 956 1124 lesto
978 1085 1056 1144 nup-

101 1159 185 1219 tiali
193 1159 343 1244 desipere
367 1162 535 1224 nolitf
491 1165 539 1224 cf.
562 1185 661 1245 supra
690 1185 721 1268 p.
746 1165 816 1242 adn
849 1187 867 1224 a
888 1185 940 1223 me
965 1163 1056 1223 dictu.

103 1255 153 1316 Ut
170 1258 317 1319 breviter
338 1261 488 1322 ultimum
509 1256 638 1322 fabulae
661 1271 770 1324 actum
792 1261 974 1344 designem.
1004 1283 1055 1322 re-

104 1378 179 1418 rum
201 1356 386 1421 divInarum
407 1359 499 1422 ordo
521 1361 565 1421 ita
598 1363 797 1444 compositus
820 1360 1053 1452 exhibebatur,

99 1457 172 1518 sive
194 1457 302 1538 potius
325 1459 451 1521 comico
467 1449 613 1522 ludibrio
625 1479 817 1556 perversus,
841 1466 877 1518 ut
897 1447 1054 1518 summum

105 1575 218 1618 rerum
252 1551 477 1619 universarum
507 1559 645 1622 finem
636 1541 825 1621 medendo
855 1563 898 1619 et
908 1557 1054 1622 bibenda

105 1655 250 1737 positura
273 1655 522 1744 conspiciamus.
597 1709 600 1714 ,

167 1755 348 1816 Consilium
376 1765 503 1850 autem,
531 1757 558 1818 si
580 1757 655 1842 quis
676 1777 713 1818 ex
734 1752 785 1820 rire
808 1764 960 1854 quaerat,
993 1775 1055 1839 quo

105 1853 289 1918 mirabilem
320 1855 406 1924 hane
437 1854 580 1918 fabulam
614 1858 868 1920 concinnaverit
899 1856 1057 1940 Epichar-

104 1973 194 2031 mus,
217 1955 371 2038 equidem
393 1963 425 2018 et
446 1956 587 2018 aliorum
599 1966 632 2018 et
644 1979 748 2018 meam
770 1958 869 2040 ipsius
888 1955 928 2020 dc
946 1954 1008 2016 hac
1023 1975 1057 2015 re

73 2043 75 2046 ¹
105 2056 333 2116 coniecturam
364 2055 482 2118 afferre
513 2077 581 2118 nou
615 2057 740 2119 dubito.
782 2058 935 2123 Fuerunt
957 2056 1056 2130 enim,

108 2152 167 2236 qui
189 2151 296 2214 aulam
317 2146 487 2232 Hieronis,
510 2156 595 2240 regis
618 2155 799 2242 Syracusii,
822 2177 968 2238 quocum
984 2155 1057 2237 Epi-

66 2299 67 2308 .
108 2252 259 2314 cheranus
289 2253 494 2316 familiariter
525 2255 668 2334 vivebat,
710 2257 744 2316 ia
777 2247 956 2340 Ol‘ympum
995 2271 1057 2316 esse

9 2353 29 2384 '·
107 2351 302 2414 translatum
312 2362 503 2429 censerent
515 2355 558 2415 ita
567 2361 604 2414 ut
615 2353 747 2416 coelesti
758 2353 813 2416 illa
835 2354 1056 2416 comissatione

108 2439 261 2514 Hierdriis
285 2462 325 2515 et
336 2453 520 2516 aulicorum
541 2455 607 2516 vita
628 2455 813 2538 voluptaria
834 2455 876 2514 sit
897 2453 1056 2515 denotata.

108 2553 157 2614 cf.
181 2553 304 2614 Harles.
327 2531 368 2614 de
380 2551 595 2654 Epicharmo.
617 2573 649 2636 p.
670 2554 737 2631 46
750 2554 900 2614 Mueller
920 2543 1003 2614 Dur.
1025 2555 1057 2613 ll.

9 2703 10 2708 1
110 2653 236 2736 p..354
279 2653 409 2758 Neque-
418 2651 546 2713 istud
527 2674 561 2712 ιιι
583 2673 660 2736 rege
684 2651 866 2713 deridendo
889 2653 1058 2714 artificium

41 2748 44 2755 ’
110 2753 280 2836 indignum
316 2753 373 2814 sit
395 2761 521 2835 poeta,
563 2771 661 2834 quem
700 2753 828 2812 vafrum
868 2761 901 2814 et
933 2763 1059 2814 acutum

111 2852 238 2932 fuisse,·.
244 2833 351 2944 atque
381 2851 534 2913 audacius
562 2870 595 2913 se
625 2851 840 2934 aliquando
832 2827 864 2912 Ιιιι
887 2859 1060 2938 tyrannum
1092 2855 1093 2928 ξ

9 2965 10 3038 ᾗ
108 2935 318 3036 'syracusiam
340 2951 470 3034 gessisse
495 2949 629 3011 aliunde
653 2950 812 3010 novimus.
867 2954 922 3028 At,
947 2953 1061 3034 quiite

112 3052 268 3124 sentiunt,
279 3058 390 3109 utrum
398 3045 479 3109 haec
489 3048 599 3110 fabula
609 3049 773 3133 Syracusis
784 3049 938 3131 primurn,
949 3072 990 3109 an
998 3051 1061 3108 Me-

111 3149 195 3232 garis
219 3148 304 3238 edit-a
326 3146 445 3223 fuerit,
469 3147 632 3206 incertum
644 3168 712 3208 esse
731 3167 798 3205 non
816 3146 970 3230 cogitant.
1003 3144 1061 3205 Alii

9 3243 11 3286 t
113 3267 194 3308 vero
217 3247 289 3306 fieri
319 3235 465 3328 potuisse
487 3254 642 3322 censent,
676 3247 849 3318 utleodem
874 3245 1012 3306 consilio
1034 3252 1062 3305 et

9 3333 11 3382 Ῐ
114 3345 229 3408 eadem
265 3343 466 3426 petulantia,
514 3365 578 3427 qua
614 3351 728 3426 postea
757 3343 992 3425 Aristophanes
1030 3344 1059 3400 in

9 3482 14 3535 Ξ
111 3441 235 3514 Avibus
257 3451 291 3506 et
309 3441 471 3504 Lucienus
493 3442 528 3532 in
551 3440 688 3528 dialogis
698 3443 911 3528 Epicharmus
934 3443 1061 3506 numina
1091 3521 1092 3544 Χ

1057 3547 1063 3557 ¹
